%YAML 1.1
%TAG !u! tag:unity3d.com,2011:
--- !u!1 &1056707410144066449
GameObject:
  m_ObjectHideFlags: 0
  m_CorrespondingSourceObject: {fileID: 0}
  m_PrefabInstance: {fileID: 0}
  m_PrefabAsset: {fileID: 0}
  serializedVersion: 6
  m_Component:
  - component: {fileID: 1061001091999675539}
  - component: {fileID: 1039084190527310633}
  - component: {fileID: 3944177084035495714}
  - component: {fileID: 1027833327985011317}
  - component: {fileID: 7574717608330092046}
  - component: {fileID: 2966935140186321542}
  - component: {fileID: 5605137400272913468}
  - component: {fileID: 1945648205208839429}
  - component: {fileID: 515979850229641216}
  - component: {fileID: 4313551121633511007}
  - component: {fileID: 4433912807519723127}
  m_Layer: 12
  m_Name: 3DPlayer
  m_TagString: Player
  m_Icon: {fileID: 0}
  m_NavMeshLayer: 0
  m_StaticEditorFlags: 0
  m_IsActive: 1
--- !u!4 &1061001091999675539
Transform:
  m_ObjectHideFlags: 0
  m_CorrespondingSourceObject: {fileID: 0}
  m_PrefabInstance: {fileID: 0}
  m_PrefabAsset: {fileID: 0}
  m_GameObject: {fileID: 1056707410144066449}
  m_LocalRotation: {x: 0, y: 0, z: 0, w: 1}
  m_LocalPosition: {x: 0, y: 0, z: 0}
  m_LocalScale: {x: 1, y: 1, z: 1}
  m_Children:
  - {fileID: 429458387953197004}
  - {fileID: 5287053035477914711}
  - {fileID: 3261254574900140380}
  - {fileID: 6162810456289711612}
  - {fileID: 8941849083833908140}
  - {fileID: 4048887538661230342}
  m_Father: {fileID: 0}
  m_RootOrder: 0
  m_LocalEulerAnglesHint: {x: 0, y: 0, z: 0}
--- !u!54 &1039084190527310633
Rigidbody:
  m_ObjectHideFlags: 0
  m_CorrespondingSourceObject: {fileID: 0}
  m_PrefabInstance: {fileID: 0}
  m_PrefabAsset: {fileID: 0}
  m_GameObject: {fileID: 1056707410144066449}
  serializedVersion: 2
  m_Mass: 1
  m_Drag: 0
  m_AngularDrag: 0.05
  m_UseGravity: 0
  m_IsKinematic: 0
  m_Interpolate: 1
  m_Constraints: 120
  m_CollisionDetection: 1
--- !u!114 &3944177084035495714
MonoBehaviour:
  m_ObjectHideFlags: 0
  m_CorrespondingSourceObject: {fileID: 0}
  m_PrefabInstance: {fileID: 0}
  m_PrefabAsset: {fileID: 0}
  m_GameObject: {fileID: 1056707410144066449}
  m_Enabled: 1
  m_EditorHideFlags: 0
  m_Script: {fileID: 11500000, guid: 6be38d645ca92e04880713c077e47883, type: 3}
  m_Name: 
  m_EditorClassIdentifier: 
  scriptableReference: {fileID: 11400000, guid: 243d10dbe28bbc142ba0e10945f745e0,
    type: 2}
  moveHeart: {fileID: 0}
  spawnHeart: {fileID: 0}
  error: {fileID: 8300000, guid: 28048b6c68bfa438192bf982ef7f5175, type: 3}
  spawn: {fileID: 8300000, guid: 8ddbb3cb406d045698e3f086efb20942, type: 3}
  despawn: {fileID: 8300000, guid: b896e2c860fa345bcb28f87e366be5bd, type: 3}
  jump: {fileID: 8300000, guid: 17d862d97c0e6ee4e817a55ae30f3501, type: 3}
  land: {fileID: 8300000, guid: 573e84000f0e7544fb7d3b249208513e, type: 3}
  moving: {fileID: 8300000, guid: 1344449e563ff8c4bbbecf2e91f0737e, type: 3}
  airborne: {fileID: 0}
  magnetism: {fileID: 8300000, guid: 0fef2ded137354c96ac4d850073c904a, type: 3}
  playerNum: 0
  speed: 0
  jumpSpeed: 0
  gravity: 0
  fastfallMltplr: 0
  longJumpMltplr: 0
  airMltplr: 0
  particleColor: {r: 0.1764706, g: 0.8627451, b: 0.8784314, a: 0}
  repulse: 1
  heartSpeed: 0
  maxRange: 0
--- !u!65 &1027833327985011317
BoxCollider:
  m_ObjectHideFlags: 0
  m_CorrespondingSourceObject: {fileID: 0}
  m_PrefabInstance: {fileID: 0}
  m_PrefabAsset: {fileID: 0}
  m_GameObject: {fileID: 1056707410144066449}
  m_Material: {fileID: 0}
  m_IsTrigger: 1
  m_Enabled: 1
  serializedVersion: 2
  m_Size: {x: 1.3, y: 2.9, z: 1.3}
  m_Center: {x: 0, y: 1.25, z: 0}
--- !u!114 &7574717608330092046
MonoBehaviour:
  m_ObjectHideFlags: 0
  m_CorrespondingSourceObject: {fileID: 0}
  m_PrefabInstance: {fileID: 0}
  m_PrefabAsset: {fileID: 0}
  m_GameObject: {fileID: 1056707410144066449}
  m_Enabled: 1
  m_EditorHideFlags: 0
  m_Script: {fileID: 11500000, guid: e2fb16e13958fa5429ef2e77d3d9c973, type: 3}
  m_Name: 
  m_EditorClassIdentifier: 
  rotationValue: 90
--- !u!114 &2966935140186321542
MonoBehaviour:
  m_ObjectHideFlags: 0
  m_CorrespondingSourceObject: {fileID: 0}
  m_PrefabInstance: {fileID: 0}
  m_PrefabAsset: {fileID: 0}
  m_GameObject: {fileID: 1056707410144066449}
  m_Enabled: 1
  m_EditorHideFlags: 0
  m_Script: {fileID: 11500000, guid: 68a08a04e2f4b2643a5e05384a008c03, type: 3}
  m_Name: 
  m_EditorClassIdentifier: 
  particle: {fileID: 6162810456289711601}
--- !u!114 &5605137400272913468
MonoBehaviour:
  m_ObjectHideFlags: 0
  m_CorrespondingSourceObject: {fileID: 0}
  m_PrefabInstance: {fileID: 0}
  m_PrefabAsset: {fileID: 0}
  m_GameObject: {fileID: 1056707410144066449}
  m_Enabled: 1
  m_EditorHideFlags: 0
  m_Script: {fileID: 11500000, guid: 23bccdad4b9d29d45b478fae9497fafa, type: 3}
  m_Name: 
  m_EditorClassIdentifier: 
  meshObj: {fileID: 2347696403932636378}
  spawnPos: {fileID: 8642682139103399323}
--- !u!82 &1945648205208839429
AudioSource:
  m_ObjectHideFlags: 0
  m_CorrespondingSourceObject: {fileID: 0}
  m_PrefabInstance: {fileID: 0}
  m_PrefabAsset: {fileID: 0}
  m_GameObject: {fileID: 1056707410144066449}
  m_Enabled: 1
  serializedVersion: 4
  OutputAudioMixerGroup: {fileID: 0}
  m_audioClip: {fileID: 0}
  m_PlayOnAwake: 0
  m_Volume: 1
  m_Pitch: 1
  Loop: 0
  Mute: 0
  Spatialize: 0
  SpatializePostEffects: 0
  Priority: 128
  DopplerLevel: 1
  MinDistance: 1
  MaxDistance: 500
  Pan2D: 0
  rolloffMode: 0
  BypassEffects: 0
  BypassListenerEffects: 0
  BypassReverbZones: 0
  rolloffCustomCurve:
    serializedVersion: 2
    m_Curve:
    - serializedVersion: 3
      time: 0
      value: 1
      inSlope: 0
      outSlope: 0
      tangentMode: 0
      weightedMode: 0
      inWeight: 0.33333334
      outWeight: 0.33333334
    - serializedVersion: 3
      time: 1
      value: 0
      inSlope: 0
      outSlope: 0
      tangentMode: 0
      weightedMode: 0
      inWeight: 0.33333334
      outWeight: 0.33333334
    m_PreInfinity: 2
    m_PostInfinity: 2
    m_RotationOrder: 4
  panLevelCustomCurve:
    serializedVersion: 2
    m_Curve:
    - serializedVersion: 3
      time: 0
      value: 0
      inSlope: 0
      outSlope: 0
      tangentMode: 0
      weightedMode: 0
      inWeight: 0.33333334
      outWeight: 0.33333334
    m_PreInfinity: 2
    m_PostInfinity: 2
    m_RotationOrder: 4
  spreadCustomCurve:
    serializedVersion: 2
    m_Curve:
    - serializedVersion: 3
      time: 0
      value: 0
      inSlope: 0
      outSlope: 0
      tangentMode: 0
      weightedMode: 0
      inWeight: 0.33333334
      outWeight: 0.33333334
    m_PreInfinity: 2
    m_PostInfinity: 2
    m_RotationOrder: 4
  reverbZoneMixCustomCurve:
    serializedVersion: 2
    m_Curve:
    - serializedVersion: 3
      time: 0
      value: 1
      inSlope: 0
      outSlope: 0
      tangentMode: 0
      weightedMode: 0
      inWeight: 0.33333334
      outWeight: 0.33333334
    m_PreInfinity: 2
    m_PostInfinity: 2
    m_RotationOrder: 4
--- !u!82 &515979850229641216
AudioSource:
  m_ObjectHideFlags: 0
  m_CorrespondingSourceObject: {fileID: 0}
  m_PrefabInstance: {fileID: 0}
  m_PrefabAsset: {fileID: 0}
  m_GameObject: {fileID: 1056707410144066449}
  m_Enabled: 1
  serializedVersion: 4
  OutputAudioMixerGroup: {fileID: 0}
  m_audioClip: {fileID: 0}
  m_PlayOnAwake: 0
  m_Volume: 1
  m_Pitch: 1
  Loop: 0
  Mute: 0
  Spatialize: 0
  SpatializePostEffects: 0
  Priority: 128
  DopplerLevel: 1
  MinDistance: 1
  MaxDistance: 500
  Pan2D: 0
  rolloffMode: 0
  BypassEffects: 0
  BypassListenerEffects: 0
  BypassReverbZones: 0
  rolloffCustomCurve:
    serializedVersion: 2
    m_Curve:
    - serializedVersion: 3
      time: 0
      value: 1
      inSlope: 0
      outSlope: 0
      tangentMode: 0
      weightedMode: 0
      inWeight: 0.33333334
      outWeight: 0.33333334
    - serializedVersion: 3
      time: 1
      value: 0
      inSlope: 0
      outSlope: 0
      tangentMode: 0
      weightedMode: 0
      inWeight: 0.33333334
      outWeight: 0.33333334
    m_PreInfinity: 2
    m_PostInfinity: 2
    m_RotationOrder: 4
  panLevelCustomCurve:
    serializedVersion: 2
    m_Curve:
    - serializedVersion: 3
      time: 0
      value: 0
      inSlope: 0
      outSlope: 0
      tangentMode: 0
      weightedMode: 0
      inWeight: 0.33333334
      outWeight: 0.33333334
    m_PreInfinity: 2
    m_PostInfinity: 2
    m_RotationOrder: 4
  spreadCustomCurve:
    serializedVersion: 2
    m_Curve:
    - serializedVersion: 3
      time: 0
      value: 0
      inSlope: 0
      outSlope: 0
      tangentMode: 0
      weightedMode: 0
      inWeight: 0.33333334
      outWeight: 0.33333334
    m_PreInfinity: 2
    m_PostInfinity: 2
    m_RotationOrder: 4
  reverbZoneMixCustomCurve:
    serializedVersion: 2
    m_Curve:
    - serializedVersion: 3
      time: 0
      value: 1
      inSlope: 0
      outSlope: 0
      tangentMode: 0
      weightedMode: 0
      inWeight: 0.33333334
      outWeight: 0.33333334
    m_PreInfinity: 2
    m_PostInfinity: 2
    m_RotationOrder: 4
--- !u!82 &4313551121633511007
AudioSource:
  m_ObjectHideFlags: 0
  m_CorrespondingSourceObject: {fileID: 0}
  m_PrefabInstance: {fileID: 0}
  m_PrefabAsset: {fileID: 0}
  m_GameObject: {fileID: 1056707410144066449}
  m_Enabled: 1
  serializedVersion: 4
  OutputAudioMixerGroup: {fileID: 0}
  m_audioClip: {fileID: 0}
  m_PlayOnAwake: 0
  m_Volume: 1
  m_Pitch: 1
  Loop: 0
  Mute: 0
  Spatialize: 0
  SpatializePostEffects: 0
  Priority: 128
  DopplerLevel: 1
  MinDistance: 1
  MaxDistance: 500
  Pan2D: 0
  rolloffMode: 0
  BypassEffects: 0
  BypassListenerEffects: 0
  BypassReverbZones: 0
  rolloffCustomCurve:
    serializedVersion: 2
    m_Curve:
    - serializedVersion: 3
      time: 0
      value: 1
      inSlope: 0
      outSlope: 0
      tangentMode: 0
      weightedMode: 0
      inWeight: 0.33333334
      outWeight: 0.33333334
    - serializedVersion: 3
      time: 1
      value: 0
      inSlope: 0
      outSlope: 0
      tangentMode: 0
      weightedMode: 0
      inWeight: 0.33333334
      outWeight: 0.33333334
    m_PreInfinity: 2
    m_PostInfinity: 2
    m_RotationOrder: 4
  panLevelCustomCurve:
    serializedVersion: 2
    m_Curve:
    - serializedVersion: 3
      time: 0
      value: 0
      inSlope: 0
      outSlope: 0
      tangentMode: 0
      weightedMode: 0
      inWeight: 0.33333334
      outWeight: 0.33333334
    m_PreInfinity: 2
    m_PostInfinity: 2
    m_RotationOrder: 4
  spreadCustomCurve:
    serializedVersion: 2
    m_Curve:
    - serializedVersion: 3
      time: 0
      value: 0
      inSlope: 0
      outSlope: 0
      tangentMode: 0
      weightedMode: 0
      inWeight: 0.33333334
      outWeight: 0.33333334
    m_PreInfinity: 2
    m_PostInfinity: 2
    m_RotationOrder: 4
  reverbZoneMixCustomCurve:
    serializedVersion: 2
    m_Curve:
    - serializedVersion: 3
      time: 0
      value: 1
      inSlope: 0
      outSlope: 0
      tangentMode: 0
      weightedMode: 0
      inWeight: 0.33333334
      outWeight: 0.33333334
    m_PreInfinity: 2
    m_PostInfinity: 2
    m_RotationOrder: 4
--- !u!82 &4433912807519723127
AudioSource:
  m_ObjectHideFlags: 0
  m_CorrespondingSourceObject: {fileID: 0}
  m_PrefabInstance: {fileID: 0}
  m_PrefabAsset: {fileID: 0}
  m_GameObject: {fileID: 1056707410144066449}
  m_Enabled: 1
  serializedVersion: 4
  OutputAudioMixerGroup: {fileID: 0}
  m_audioClip: {fileID: 0}
  m_PlayOnAwake: 1
  m_Volume: 1
  m_Pitch: 1
  Loop: 0
  Mute: 0
  Spatialize: 0
  SpatializePostEffects: 0
  Priority: 128
  DopplerLevel: 1
  MinDistance: 1
  MaxDistance: 500
  Pan2D: 0
  rolloffMode: 0
  BypassEffects: 0
  BypassListenerEffects: 0
  BypassReverbZones: 0
  rolloffCustomCurve:
    serializedVersion: 2
    m_Curve:
    - serializedVersion: 3
      time: 0
      value: 1
      inSlope: 0
      outSlope: 0
      tangentMode: 0
      weightedMode: 0
      inWeight: 0.33333334
      outWeight: 0.33333334
    - serializedVersion: 3
      time: 1
      value: 0
      inSlope: 0
      outSlope: 0
      tangentMode: 0
      weightedMode: 0
      inWeight: 0.33333334
      outWeight: 0.33333334
    m_PreInfinity: 2
    m_PostInfinity: 2
    m_RotationOrder: 4
  panLevelCustomCurve:
    serializedVersion: 2
    m_Curve:
    - serializedVersion: 3
      time: 0
      value: 0
      inSlope: 0
      outSlope: 0
      tangentMode: 0
      weightedMode: 0
      inWeight: 0.33333334
      outWeight: 0.33333334
    m_PreInfinity: 2
    m_PostInfinity: 2
    m_RotationOrder: 4
  spreadCustomCurve:
    serializedVersion: 2
    m_Curve:
    - serializedVersion: 3
      time: 0
      value: 0
      inSlope: 0
      outSlope: 0
      tangentMode: 0
      weightedMode: 0
      inWeight: 0.33333334
      outWeight: 0.33333334
    m_PreInfinity: 2
    m_PostInfinity: 2
    m_RotationOrder: 4
  reverbZoneMixCustomCurve:
    serializedVersion: 2
    m_Curve:
    - serializedVersion: 3
      time: 0
      value: 1
      inSlope: 0
      outSlope: 0
      tangentMode: 0
      weightedMode: 0
      inWeight: 0.33333334
      outWeight: 0.33333334
    m_PreInfinity: 2
    m_PostInfinity: 2
    m_RotationOrder: 4
--- !u!1 &2347696403932636378
GameObject:
  m_ObjectHideFlags: 0
  m_CorrespondingSourceObject: {fileID: 0}
  m_PrefabInstance: {fileID: 0}
  m_PrefabAsset: {fileID: 0}
  serializedVersion: 6
  m_Component:
  - component: {fileID: 3261254574900140380}
  - component: {fileID: 1737669320262307771}
  m_Layer: 12
  m_Name: CollisionMesh
  m_TagString: PlayerMesh
  m_Icon: {fileID: 0}
  m_NavMeshLayer: 0
  m_StaticEditorFlags: 0
  m_IsActive: 1
--- !u!4 &3261254574900140380
Transform:
  m_ObjectHideFlags: 0
  m_CorrespondingSourceObject: {fileID: 0}
  m_PrefabInstance: {fileID: 0}
  m_PrefabAsset: {fileID: 0}
  m_GameObject: {fileID: 2347696403932636378}
  m_LocalRotation: {x: 0, y: 0.7071068, z: 0, w: 0.7071068}
  m_LocalPosition: {x: 0, y: 0.172, z: 0}
  m_LocalScale: {x: 1, y: 0.788125, z: 0.5484375}
  m_Children: []
  m_Father: {fileID: 1061001091999675539}
  m_RootOrder: 2
  m_LocalEulerAnglesHint: {x: 0, y: 90, z: 0}
--- !u!65 &1737669320262307771
BoxCollider:
  m_ObjectHideFlags: 0
  m_CorrespondingSourceObject: {fileID: 0}
  m_PrefabInstance: {fileID: 0}
  m_PrefabAsset: {fileID: 0}
  m_GameObject: {fileID: 2347696403932636378}
  m_Material: {fileID: 13400000, guid: 7db4c9a3c485a9e469dcac8bfdf75f25, type: 2}
  m_IsTrigger: 0
  m_Enabled: 1
  serializedVersion: 2
  m_Size: {x: 1.3, y: 2.9, z: 1.3}
  m_Center: {x: 0, y: 1.25, z: 0}
--- !u!1 &6933361406871478570
GameObject:
  m_ObjectHideFlags: 0
  m_CorrespondingSourceObject: {fileID: 0}
  m_PrefabInstance: {fileID: 0}
  m_PrefabAsset: {fileID: 0}
  serializedVersion: 6
  m_Component:
  - component: {fileID: 4048887538661230342}
  m_Layer: 12
  m_Name: CamReference2
  m_TagString: Untagged
  m_Icon: {fileID: 0}
  m_NavMeshLayer: 0
  m_StaticEditorFlags: 0
  m_IsActive: 1
--- !u!4 &4048887538661230342
Transform:
  m_ObjectHideFlags: 0
  m_CorrespondingSourceObject: {fileID: 0}
  m_PrefabInstance: {fileID: 0}
  m_PrefabAsset: {fileID: 0}
  m_GameObject: {fileID: 6933361406871478570}
  m_LocalRotation: {x: 0, y: 0, z: 0, w: 1}
  m_LocalPosition: {x: -1.5, y: 1, z: 0}
  m_LocalScale: {x: 1, y: 1, z: 1}
  m_Children: []
  m_Father: {fileID: 1061001091999675539}
  m_RootOrder: 5
  m_LocalEulerAnglesHint: {x: 0, y: 0, z: 0}
--- !u!1 &7330261965435069608
GameObject:
  m_ObjectHideFlags: 0
  m_CorrespondingSourceObject: {fileID: 0}
  m_PrefabInstance: {fileID: 0}
  m_PrefabAsset: {fileID: 0}
  serializedVersion: 6
  m_Component:
  - component: {fileID: 8941849083833908140}
  m_Layer: 12
  m_Name: CamReference1
  m_TagString: Untagged
  m_Icon: {fileID: 0}
  m_NavMeshLayer: 0
  m_StaticEditorFlags: 0
  m_IsActive: 1
--- !u!4 &8941849083833908140
Transform:
  m_ObjectHideFlags: 0
  m_CorrespondingSourceObject: {fileID: 0}
  m_PrefabInstance: {fileID: 0}
  m_PrefabAsset: {fileID: 0}
  m_GameObject: {fileID: 7330261965435069608}
  m_LocalRotation: {x: 0, y: 0, z: 0, w: 1}
  m_LocalPosition: {x: 1.5, y: 1, z: 0}
  m_LocalScale: {x: 1, y: 1, z: 1}
  m_Children: []
  m_Father: {fileID: 1061001091999675539}
  m_RootOrder: 4
  m_LocalEulerAnglesHint: {x: 0, y: 0, z: 0}
--- !u!1 &8642682139103399323
GameObject:
  m_ObjectHideFlags: 0
  m_CorrespondingSourceObject: {fileID: 0}
  m_PrefabInstance: {fileID: 0}
  m_PrefabAsset: {fileID: 0}
  serializedVersion: 6
  m_Component:
  - component: {fileID: 5287053035477914711}
  m_Layer: 12
  m_Name: spawnPosition
  m_TagString: Untagged
  m_Icon: {fileID: 0}
  m_NavMeshLayer: 0
  m_StaticEditorFlags: 0
  m_IsActive: 1
--- !u!4 &5287053035477914711
Transform:
  m_ObjectHideFlags: 0
  m_CorrespondingSourceObject: {fileID: 0}
  m_PrefabInstance: {fileID: 0}
  m_PrefabAsset: {fileID: 0}
  m_GameObject: {fileID: 8642682139103399323}
  m_LocalRotation: {x: 0, y: 0, z: 0, w: 1}
  m_LocalPosition: {x: 2.3, y: 1, z: 0}
  m_LocalScale: {x: 1, y: 1, z: 1}
  m_Children: []
  m_Father: {fileID: 1061001091999675539}
  m_RootOrder: 1
  m_LocalEulerAnglesHint: {x: 0, y: 0, z: 0}
--- !u!1001 &429458387953321294
PrefabInstance:
  m_ObjectHideFlags: 0
  serializedVersion: 2
  m_Modification:
    m_TransformParent: {fileID: 1061001091999675539}
    m_Modifications:
    - target: {fileID: 400002, guid: 817debec669ad2b418bd65ef12ea697a, type: 3}
      propertyPath: m_LocalPosition.x
      value: 0
      objectReference: {fileID: 0}
    - target: {fileID: 400002, guid: 817debec669ad2b418bd65ef12ea697a, type: 3}
      propertyPath: m_LocalPosition.y
      value: -1.43
      objectReference: {fileID: 0}
    - target: {fileID: 400002, guid: 817debec669ad2b418bd65ef12ea697a, type: 3}
      propertyPath: m_LocalPosition.z
      value: 0
      objectReference: {fileID: 0}
    - target: {fileID: 400002, guid: 817debec669ad2b418bd65ef12ea697a, type: 3}
      propertyPath: m_LocalRotation.x
      value: 0
      objectReference: {fileID: 0}
    - target: {fileID: 400002, guid: 817debec669ad2b418bd65ef12ea697a, type: 3}
      propertyPath: m_LocalRotation.y
      value: 0.92387956
      objectReference: {fileID: 0}
    - target: {fileID: 400002, guid: 817debec669ad2b418bd65ef12ea697a, type: 3}
      propertyPath: m_LocalRotation.z
      value: 0
      objectReference: {fileID: 0}
    - target: {fileID: 400002, guid: 817debec669ad2b418bd65ef12ea697a, type: 3}
      propertyPath: m_LocalRotation.w
      value: 0.38268343
      objectReference: {fileID: 0}
    - target: {fileID: 400002, guid: 817debec669ad2b418bd65ef12ea697a, type: 3}
      propertyPath: m_RootOrder
      value: 0
      objectReference: {fileID: 0}
    - target: {fileID: 400002, guid: 817debec669ad2b418bd65ef12ea697a, type: 3}
      propertyPath: m_LocalEulerAnglesHint.x
      value: 0
      objectReference: {fileID: 0}
    - target: {fileID: 400002, guid: 817debec669ad2b418bd65ef12ea697a, type: 3}
      propertyPath: m_LocalEulerAnglesHint.y
      value: 135
      objectReference: {fileID: 0}
    - target: {fileID: 400002, guid: 817debec669ad2b418bd65ef12ea697a, type: 3}
      propertyPath: m_LocalEulerAnglesHint.z
      value: 0
      objectReference: {fileID: 0}
    - target: {fileID: 400002, guid: 817debec669ad2b418bd65ef12ea697a, type: 3}
      propertyPath: m_LocalScale.x
      value: 100
      objectReference: {fileID: 0}
    - target: {fileID: 400002, guid: 817debec669ad2b418bd65ef12ea697a, type: 3}
      propertyPath: m_LocalScale.y
      value: 100
      objectReference: {fileID: 0}
    - target: {fileID: 400002, guid: 817debec669ad2b418bd65ef12ea697a, type: 3}
      propertyPath: m_LocalScale.z
      value: 100
      objectReference: {fileID: 0}
    - target: {fileID: 100002, guid: 817debec669ad2b418bd65ef12ea697a, type: 3}
      propertyPath: m_Name
      value: charachter_01
      objectReference: {fileID: 0}
    m_RemovedComponents: []
  m_SourcePrefab: {fileID: 100100000, guid: 817debec669ad2b418bd65ef12ea697a, type: 3}
--- !u!4 &429458387953197004 stripped
Transform:
  m_CorrespondingSourceObject: {fileID: 400002, guid: 817debec669ad2b418bd65ef12ea697a,
    type: 3}
  m_PrefabInstance: {fileID: 429458387953321294}
  m_PrefabAsset: {fileID: 0}
--- !u!1001 &6040508746428711161
PrefabInstance:
  m_ObjectHideFlags: 0
  serializedVersion: 2
  m_Modification:
    m_TransformParent: {fileID: 1061001091999675539}
    m_Modifications:
    - target: {fileID: 455569200471086341, guid: aa2a08c355d97c142a6423c53bfae35e,
        type: 3}
      propertyPath: m_LocalPosition.x
      value: -0.11
      objectReference: {fileID: 0}
    - target: {fileID: 455569200471086341, guid: aa2a08c355d97c142a6423c53bfae35e,
        type: 3}
      propertyPath: m_LocalPosition.y
      value: 1.07
      objectReference: {fileID: 0}
    - target: {fileID: 455569200471086341, guid: aa2a08c355d97c142a6423c53bfae35e,
        type: 3}
      propertyPath: m_LocalPosition.z
      value: 0.04
      objectReference: {fileID: 0}
    - target: {fileID: 455569200471086341, guid: aa2a08c355d97c142a6423c53bfae35e,
        type: 3}
      propertyPath: m_LocalRotation.x
      value: -0
      objectReference: {fileID: 0}
    - target: {fileID: 455569200471086341, guid: aa2a08c355d97c142a6423c53bfae35e,
        type: 3}
      propertyPath: m_LocalRotation.y
      value: -0
      objectReference: {fileID: 0}
    - target: {fileID: 455569200471086341, guid: aa2a08c355d97c142a6423c53bfae35e,
        type: 3}
      propertyPath: m_LocalRotation.z
      value: -0
      objectReference: {fileID: 0}
    - target: {fileID: 455569200471086341, guid: aa2a08c355d97c142a6423c53bfae35e,
        type: 3}
      propertyPath: m_LocalRotation.w
      value: 1
      objectReference: {fileID: 0}
    - target: {fileID: 455569200471086341, guid: aa2a08c355d97c142a6423c53bfae35e,
        type: 3}
      propertyPath: m_RootOrder
      value: 3
      objectReference: {fileID: 0}
    - target: {fileID: 455569200471086341, guid: aa2a08c355d97c142a6423c53bfae35e,
        type: 3}
      propertyPath: m_LocalEulerAnglesHint.x
      value: 0
      objectReference: {fileID: 0}
    - target: {fileID: 455569200471086341, guid: aa2a08c355d97c142a6423c53bfae35e,
        type: 3}
      propertyPath: m_LocalEulerAnglesHint.y
      value: 0
      objectReference: {fileID: 0}
    - target: {fileID: 455569200471086341, guid: aa2a08c355d97c142a6423c53bfae35e,
        type: 3}
      propertyPath: m_LocalEulerAnglesHint.z
      value: 0
      objectReference: {fileID: 0}
    - target: {fileID: 455569200471086344, guid: aa2a08c355d97c142a6423c53bfae35e,
        type: 3}
      propertyPath: m_Name
      value: Portal
      objectReference: {fileID: 0}
    - target: {fileID: 455569201458197156, guid: aa2a08c355d97c142a6423c53bfae35e,
        type: 3}
      propertyPath: m_IsActive
      value: 1
      objectReference: {fileID: 0}
    - target: {fileID: 455569201673926513, guid: aa2a08c355d97c142a6423c53bfae35e,
        type: 3}
      propertyPath: m_IsActive
      value: 0
      objectReference: {fileID: 0}
    - target: {fileID: 455569200471086346, guid: aa2a08c355d97c142a6423c53bfae35e,
        type: 3}
      propertyPath: playOnAwake
      value: 0
      objectReference: {fileID: 0}
    - target: {fileID: 455569200471086346, guid: aa2a08c355d97c142a6423c53bfae35e,
        type: 3}
      propertyPath: ColorModule.gradient.maxGradient.ctime1
      value: 34695
      objectReference: {fileID: 0}
    - target: {fileID: 455569200471086346, guid: aa2a08c355d97c142a6423c53bfae35e,
        type: 3}
      propertyPath: ColorModule.enabled
      value: 1
      objectReference: {fileID: 0}
    - target: {fileID: 455569200275320917, guid: aa2a08c355d97c142a6423c53bfae35e,
        type: 3}
      propertyPath: m_IsActive
      value: 1
      objectReference: {fileID: 0}
    - target: {fileID: 455569201458197153, guid: aa2a08c355d97c142a6423c53bfae35e,
        type: 3}
      propertyPath: playOnAwake
      value: 0
      objectReference: {fileID: 0}
    - target: {fileID: 455569201458197153, guid: aa2a08c355d97c142a6423c53bfae35e,
        type: 3}
      propertyPath: ColorModule.gradient.maxGradient.ctime1
      value: 34695
      objectReference: {fileID: 0}
    - target: {fileID: 455569201458197153, guid: aa2a08c355d97c142a6423c53bfae35e,
        type: 3}
      propertyPath: ColorModule.enabled
      value: 1
      objectReference: {fileID: 0}
    - target: {fileID: 455569201673926514, guid: aa2a08c355d97c142a6423c53bfae35e,
        type: 3}
      propertyPath: playOnAwake
      value: 0
      objectReference: {fileID: 0}
    - target: {fileID: 455569200275320918, guid: aa2a08c355d97c142a6423c53bfae35e,
        type: 3}
      propertyPath: playOnAwake
      value: 0
      objectReference: {fileID: 0}
    - target: {fileID: 455569200275320918, guid: aa2a08c355d97c142a6423c53bfae35e,
        type: 3}
      propertyPath: ColorModule.gradient.maxGradient.ctime1
      value: 34695
      objectReference: {fileID: 0}
    - target: {fileID: 455569200275320918, guid: aa2a08c355d97c142a6423c53bfae35e,
        type: 3}
      propertyPath: ColorModule.enabled
      value: 1
      objectReference: {fileID: 0}
    m_RemovedComponents: []
  m_SourcePrefab: {fileID: 100100000, guid: aa2a08c355d97c142a6423c53bfae35e, type: 3}
--- !u!1 &6162810456289711601 stripped
GameObject:
  m_CorrespondingSourceObject: {fileID: 455569200471086344, guid: aa2a08c355d97c142a6423c53bfae35e,
    type: 3}
  m_PrefabInstance: {fileID: 6040508746428711161}
  m_PrefabAsset: {fileID: 0}
--- !u!4 &6162810456289711612 stripped
Transform:
  m_CorrespondingSourceObject: {fileID: 455569200471086341, guid: aa2a08c355d97c142a6423c53bfae35e,
    type: 3}
  m_PrefabInstance: {fileID: 6040508746428711161}
  m_PrefabAsset: {fileID: 0}
