%YAML 1.1
%TAG !u! tag:unity3d.com,2011:
--- !u!1 &7309676981576020465
GameObject:
  m_ObjectHideFlags: 0
  m_CorrespondingSourceObject: {fileID: 0}
  m_PrefabInstance: {fileID: 0}
  m_PrefabAsset: {fileID: 0}
  serializedVersion: 6
  m_Component:
  - component: {fileID: 7309676981576020464}
  - component: {fileID: 7309676981576020478}
  - component: {fileID: 7309676981576020479}
  - component: {fileID: 7309676981576020475}
  - component: {fileID: 7309676981576020476}
  - component: {fileID: 7309676981576020477}
  m_Layer: 11
  m_Name: PlatformRigidBody
  m_TagString: Untagged
  m_Icon: {fileID: 0}
  m_NavMeshLayer: 0
  m_StaticEditorFlags: 0
  m_IsActive: 1
--- !u!4 &7309676981576020464
Transform:
  m_ObjectHideFlags: 0
  m_CorrespondingSourceObject: {fileID: 0}
  m_PrefabInstance: {fileID: 0}
  m_PrefabAsset: {fileID: 0}
  m_GameObject: {fileID: 7309676981576020465}
  m_LocalRotation: {x: 0, y: 1, z: 0, w: 0}
  m_LocalPosition: {x: 0, y: 11.46, z: 0}
  m_LocalScale: {x: 1, y: 1, z: 1}
  m_Children:
  - {fileID: 39151282119400150}
  - {fileID: 6429072874054891311}
  m_Father: {fileID: 7309676982506798107}
  m_RootOrder: 0
  m_LocalEulerAnglesHint: {x: 0, y: 180, z: 0}
--- !u!54 &7309676981576020478
Rigidbody:
  m_ObjectHideFlags: 0
  m_CorrespondingSourceObject: {fileID: 0}
  m_PrefabInstance: {fileID: 0}
  m_PrefabAsset: {fileID: 0}
  m_GameObject: {fileID: 7309676981576020465}
  serializedVersion: 2
  m_Mass: 200
  m_Drag: 0
  m_AngularDrag: 0.05
  m_UseGravity: 1
  m_IsKinematic: 0
  m_Interpolate: 0
  m_Constraints: 122
  m_CollisionDetection: 0
--- !u!145 &7309676981576020479
SpringJoint:
  m_ObjectHideFlags: 0
  m_CorrespondingSourceObject: {fileID: 0}
  m_PrefabInstance: {fileID: 0}
  m_PrefabAsset: {fileID: 0}
  m_GameObject: {fileID: 7309676981576020465}
  m_ConnectedBody: {fileID: 0}
  m_Anchor: {x: 0, y: 0.5000076, z: 0}
  m_AutoConfigureConnectedAnchor: 1
  m_ConnectedAnchor: {x: 5, y: 18.327007, z: 0}
  serializedVersion: 2
  m_Spring: 7000
  m_Damper: 1500
  m_MinDistance: 0
  m_MaxDistance: 0
  m_Tolerance: 0.025
  m_BreakForce: Infinity
  m_BreakTorque: Infinity
  m_EnableCollision: 0
  m_EnablePreprocessing: 1
  m_MassScale: 1
  m_ConnectedMassScale: 1
--- !u!65 &7309676981576020475
BoxCollider:
  m_ObjectHideFlags: 0
  m_CorrespondingSourceObject: {fileID: 0}
  m_PrefabInstance: {fileID: 0}
  m_PrefabAsset: {fileID: 0}
  m_GameObject: {fileID: 7309676981576020465}
  m_Material: {fileID: 0}
  m_IsTrigger: 0
  m_Enabled: 1
  serializedVersion: 2
  m_Size: {x: 4.75, y: 0.46, z: 1.1}
  m_Center: {x: 0, y: 0.23, z: 0.050000012}
--- !u!65 &7309676981576020476
BoxCollider:
  m_ObjectHideFlags: 0
  m_CorrespondingSourceObject: {fileID: 0}
  m_PrefabInstance: {fileID: 0}
  m_PrefabAsset: {fileID: 0}
  m_GameObject: {fileID: 7309676981576020465}
  m_Material: {fileID: 0}
  m_IsTrigger: 1
  m_Enabled: 1
  serializedVersion: 2
  m_Size: {x: 4.6, y: 0.25, z: 1}
  m_Center: {x: 0, y: 0.5, z: 0}
--- !u!114 &7309676981576020477
MonoBehaviour:
  m_ObjectHideFlags: 0
  m_CorrespondingSourceObject: {fileID: 0}
  m_PrefabInstance: {fileID: 0}
  m_PrefabAsset: {fileID: 0}
  m_GameObject: {fileID: 7309676981576020465}
  m_Enabled: 1
  m_EditorHideFlags: 0
  m_Script: {fileID: 11500000, guid: 690af88d8733300499cab3d5b9cd39fd, type: 3}
  m_Name: 
  m_EditorClassIdentifier: 
--- !u!1 &7309676982138893546
GameObject:
  m_ObjectHideFlags: 0
  m_CorrespondingSourceObject: {fileID: 0}
  m_PrefabInstance: {fileID: 0}
  m_PrefabAsset: {fileID: 0}
  serializedVersion: 6
  m_Component:
  - component: {fileID: 7309676982138893545}
  m_Layer: 11
  m_Name: FloorHeight
  m_TagString: Untagged
  m_Icon: {fileID: 0}
  m_NavMeshLayer: 0
  m_StaticEditorFlags: 0
  m_IsActive: 1
--- !u!4 &7309676982138893545
Transform:
  m_ObjectHideFlags: 0
  m_CorrespondingSourceObject: {fileID: 0}
  m_PrefabInstance: {fileID: 0}
  m_PrefabAsset: {fileID: 0}
  m_GameObject: {fileID: 7309676982138893546}
  m_LocalRotation: {x: 0, y: 0, z: 0, w: 1}
  m_LocalPosition: {x: 0, y: -0.458, z: 0}
  m_LocalScale: {x: 1, y: 1, z: 1}
  m_Children: []
  m_Father: {fileID: 7309676982506798107}
  m_RootOrder: 1
  m_LocalEulerAnglesHint: {x: 0, y: 0, z: 0}
--- !u!1 &7309676982506798108
GameObject:
  m_ObjectHideFlags: 0
  m_CorrespondingSourceObject: {fileID: 0}
  m_PrefabInstance: {fileID: 0}
  m_PrefabAsset: {fileID: 0}
  serializedVersion: 6
  m_Component:
  - component: {fileID: 7309676982506798107}
  - component: {fileID: 7309676982506798106}
  m_Layer: 11
  m_Name: platformMechanism
  m_TagString: Untagged
  m_Icon: {fileID: 0}
  m_NavMeshLayer: 0
  m_StaticEditorFlags: 0
  m_IsActive: 1
--- !u!4 &7309676982506798107
Transform:
  m_ObjectHideFlags: 0
  m_CorrespondingSourceObject: {fileID: 0}
  m_PrefabInstance: {fileID: 0}
  m_PrefabAsset: {fileID: 0}
  m_GameObject: {fileID: 7309676982506798108}
  m_LocalRotation: {x: -0, y: -0, z: -0, w: 1}
  m_LocalPosition: {x: 5, y: 0.447, z: 0}
  m_LocalScale: {x: 1, y: 1, z: 1}
  m_Children:
  - {fileID: 7309676981576020464}
  - {fileID: 7309676982138893545}
  m_Father: {fileID: 7309676982843164046}
  m_RootOrder: 0
  m_LocalEulerAnglesHint: {x: 0, y: 0, z: 0}
--- !u!114 &7309676982506798106
MonoBehaviour:
  m_ObjectHideFlags: 0
  m_CorrespondingSourceObject: {fileID: 0}
  m_PrefabInstance: {fileID: 0}
  m_PrefabAsset: {fileID: 0}
  m_GameObject: {fileID: 7309676982506798108}
  m_Enabled: 1
  m_EditorHideFlags: 0
  m_Script: {fileID: 11500000, guid: 864ba2897e407544bb807ab3ab80df79, type: 3}
  m_Name: 
  m_EditorClassIdentifier: 
  speed: 1
  floorHeight: {fileID: 7309676982138893546}
  platformRB: {fileID: 7309676981576020465}
  platformCol: {fileID: 0}
  playersNeeded: 2
--- !u!1 &7309676982843164047
GameObject:
  m_ObjectHideFlags: 0
  m_CorrespondingSourceObject: {fileID: 0}
  m_PrefabInstance: {fileID: 0}
  m_PrefabAsset: {fileID: 0}
  serializedVersion: 6
  m_Component:
  - component: {fileID: 7309676982843164046}
  - component: {fileID: 7309676982843164045}
  m_Layer: 11
  m_Name: Elevator template
  m_TagString: Untagged
  m_Icon: {fileID: 0}
  m_NavMeshLayer: 0
  m_StaticEditorFlags: 0
  m_IsActive: 1
--- !u!4 &7309676982843164046
Transform:
  m_ObjectHideFlags: 0
  m_CorrespondingSourceObject: {fileID: 0}
  m_PrefabInstance: {fileID: 0}
  m_PrefabAsset: {fileID: 0}
  m_GameObject: {fileID: 7309676982843164047}
  m_LocalRotation: {x: 0, y: 0, z: 0, w: 1}
  m_LocalPosition: {x: 0, y: 5.92, z: 0}
  m_LocalScale: {x: 1, y: 1, z: 1}
  m_Children:
  - {fileID: 7309676982506798107}
  - {fileID: 4128403469242292529}
  - {fileID: 986760545724773214}
  m_Father: {fileID: 0}
  m_RootOrder: 0
  m_LocalEulerAnglesHint: {x: 0, y: 0, z: 0}
--- !u!114 &7309676982843164045
MonoBehaviour:
  m_ObjectHideFlags: 0
  m_CorrespondingSourceObject: {fileID: 0}
  m_PrefabInstance: {fileID: 0}
  m_PrefabAsset: {fileID: 0}
  m_GameObject: {fileID: 7309676982843164047}
  m_Enabled: 1
  m_EditorHideFlags: 0
  m_Script: {fileID: 11500000, guid: 28d0f13629b621444a8f2640625b800b, type: 3}
  m_Name: 
  m_EditorClassIdentifier: 
--- !u!1001 &39151282119524438
PrefabInstance:
  m_ObjectHideFlags: 0
  serializedVersion: 2
  m_Modification:
    m_TransformParent: {fileID: 7309676981576020464}
    m_Modifications:
    - target: {fileID: 100000, guid: a71bec23273500640b42b9c372372d61, type: 3}
      propertyPath: m_Name
      value: ASCENSORE SINGOLO
      objectReference: {fileID: 0}
    - target: {fileID: 100000, guid: a71bec23273500640b42b9c372372d61, type: 3}
      propertyPath: m_IsActive
      value: 0
      objectReference: {fileID: 0}
    - target: {fileID: 400000, guid: a71bec23273500640b42b9c372372d61, type: 3}
      propertyPath: m_LocalPosition.x
      value: 0
      objectReference: {fileID: 0}
    - target: {fileID: 400000, guid: a71bec23273500640b42b9c372372d61, type: 3}
      propertyPath: m_LocalPosition.y
      value: 0.23123
      objectReference: {fileID: 0}
    - target: {fileID: 400000, guid: a71bec23273500640b42b9c372372d61, type: 3}
      propertyPath: m_LocalPosition.z
      value: 0
      objectReference: {fileID: 0}
    - target: {fileID: 400000, guid: a71bec23273500640b42b9c372372d61, type: 3}
      propertyPath: m_LocalRotation.x
      value: -0
      objectReference: {fileID: 0}
    - target: {fileID: 400000, guid: a71bec23273500640b42b9c372372d61, type: 3}
      propertyPath: m_LocalRotation.y
      value: -0
      objectReference: {fileID: 0}
    - target: {fileID: 400000, guid: a71bec23273500640b42b9c372372d61, type: 3}
      propertyPath: m_LocalRotation.z
      value: -0
      objectReference: {fileID: 0}
    - target: {fileID: 400000, guid: a71bec23273500640b42b9c372372d61, type: 3}
      propertyPath: m_LocalRotation.w
      value: 1
      objectReference: {fileID: 0}
    - target: {fileID: 400000, guid: a71bec23273500640b42b9c372372d61, type: 3}
      propertyPath: m_RootOrder
      value: 0
      objectReference: {fileID: 0}
    - target: {fileID: 400000, guid: a71bec23273500640b42b9c372372d61, type: 3}
      propertyPath: m_LocalEulerAnglesHint.x
      value: 0
      objectReference: {fileID: 0}
    - target: {fileID: 400000, guid: a71bec23273500640b42b9c372372d61, type: 3}
      propertyPath: m_LocalEulerAnglesHint.y
      value: 0
      objectReference: {fileID: 0}
    - target: {fileID: 400000, guid: a71bec23273500640b42b9c372372d61, type: 3}
      propertyPath: m_LocalEulerAnglesHint.z
      value: 0
      objectReference: {fileID: 0}
    - target: {fileID: 400000, guid: a71bec23273500640b42b9c372372d61, type: 3}
      propertyPath: m_LocalScale.x
      value: 100
      objectReference: {fileID: 0}
    - target: {fileID: 400000, guid: a71bec23273500640b42b9c372372d61, type: 3}
      propertyPath: m_LocalScale.y
      value: 100
      objectReference: {fileID: 0}
    - target: {fileID: 400000, guid: a71bec23273500640b42b9c372372d61, type: 3}
      propertyPath: m_LocalScale.z
      value: 100
      objectReference: {fileID: 0}
    - target: {fileID: 2300000, guid: a71bec23273500640b42b9c372372d61, type: 3}
      propertyPath: m_Materials.Array.data[0]
      value: 
      objectReference: {fileID: 2100000, guid: 1751e09a535580c4b8eec18976bf0172, type: 2}
    - target: {fileID: 2300002, guid: a71bec23273500640b42b9c372372d61, type: 3}
      propertyPath: m_Materials.Array.data[0]
      value: 
      objectReference: {fileID: 2100000, guid: f8503948bb67c34478fa63a2a999103a, type: 2}
    - target: {fileID: 2300004, guid: a71bec23273500640b42b9c372372d61, type: 3}
      propertyPath: m_Materials.Array.data[0]
      value: 
      objectReference: {fileID: 2100000, guid: 2821ba941e91e98438c3796ae84f7650, type: 2}
    - target: {fileID: 2300006, guid: a71bec23273500640b42b9c372372d61, type: 3}
      propertyPath: m_Materials.Array.data[0]
      value: 
      objectReference: {fileID: 2100000, guid: f8503948bb67c34478fa63a2a999103a, type: 2}
    m_RemovedComponents: []
  m_SourcePrefab: {fileID: 100100000, guid: a71bec23273500640b42b9c372372d61, type: 3}
--- !u!4 &39151282119400150 stripped
Transform:
  m_CorrespondingSourceObject: {fileID: 400000, guid: a71bec23273500640b42b9c372372d61,
    type: 3}
  m_PrefabInstance: {fileID: 39151282119524438}
  m_PrefabAsset: {fileID: 0}
--- !u!1001 &5038802702269781276
PrefabInstance:
  m_ObjectHideFlags: 0
  serializedVersion: 2
  m_Modification:
    m_TransformParent: {fileID: 7309676982843164046}
    m_Modifications:
    - target: {fileID: 7279731756955125944, guid: 071f06a862d723246aa15ff4f6233015,
        type: 3}
      propertyPath: m_Name
      value: Switch
      objectReference: {fileID: 0}
    - target: {fileID: 7279731756955125944, guid: 071f06a862d723246aa15ff4f6233015,
        type: 3}
      propertyPath: m_Layer
      value: 11
      objectReference: {fileID: 0}
    - target: {fileID: 8981977872851586093, guid: 071f06a862d723246aa15ff4f6233015,
        type: 3}
      propertyPath: m_LocalPosition.x
      value: 0
      objectReference: {fileID: 0}
    - target: {fileID: 8981977872851586093, guid: 071f06a862d723246aa15ff4f6233015,
        type: 3}
      propertyPath: m_LocalPosition.y
      value: 0
      objectReference: {fileID: 0}
    - target: {fileID: 8981977872851586093, guid: 071f06a862d723246aa15ff4f6233015,
        type: 3}
      propertyPath: m_LocalPosition.z
      value: 0
      objectReference: {fileID: 0}
    - target: {fileID: 8981977872851586093, guid: 071f06a862d723246aa15ff4f6233015,
        type: 3}
      propertyPath: m_LocalRotation.x
      value: -0
      objectReference: {fileID: 0}
    - target: {fileID: 8981977872851586093, guid: 071f06a862d723246aa15ff4f6233015,
        type: 3}
      propertyPath: m_LocalRotation.y
      value: -0
      objectReference: {fileID: 0}
    - target: {fileID: 8981977872851586093, guid: 071f06a862d723246aa15ff4f6233015,
        type: 3}
      propertyPath: m_LocalRotation.z
      value: -0
      objectReference: {fileID: 0}
    - target: {fileID: 8981977872851586093, guid: 071f06a862d723246aa15ff4f6233015,
        type: 3}
      propertyPath: m_LocalRotation.w
      value: 1
      objectReference: {fileID: 0}
    - target: {fileID: 8981977872851586093, guid: 071f06a862d723246aa15ff4f6233015,
        type: 3}
      propertyPath: m_RootOrder
      value: 1
      objectReference: {fileID: 0}
    - target: {fileID: 8981977872851586093, guid: 071f06a862d723246aa15ff4f6233015,
        type: 3}
      propertyPath: m_LocalEulerAnglesHint.x
      value: 0
      objectReference: {fileID: 0}
    - target: {fileID: 8981977872851586093, guid: 071f06a862d723246aa15ff4f6233015,
        type: 3}
      propertyPath: m_LocalEulerAnglesHint.y
      value: 0
      objectReference: {fileID: 0}
    - target: {fileID: 8981977872851586093, guid: 071f06a862d723246aa15ff4f6233015,
        type: 3}
      propertyPath: m_LocalEulerAnglesHint.z
      value: 0
      objectReference: {fileID: 0}
    - target: {fileID: 2349854401485088404, guid: 071f06a862d723246aa15ff4f6233015,
        type: 3}
      propertyPath: m_LocalPosition.y
      value: 0.2
      objectReference: {fileID: 0}
    - target: {fileID: 2349854401485088405, guid: 071f06a862d723246aa15ff4f6233015,
        type: 3}
      propertyPath: m_Layer
      value: 11
      objectReference: {fileID: 0}
    - target: {fileID: 2401423789546978934, guid: 071f06a862d723246aa15ff4f6233015,
        type: 3}
      propertyPath: lamp
      value: 
      objectReference: {fileID: 6429072874054855435}
    - target: {fileID: 8459408481314659809, guid: 071f06a862d723246aa15ff4f6233015,
        type: 3}
      propertyPath: m_ConnectedAnchor.y
      value: 6.8874044
      objectReference: {fileID: 0}
    - target: {fileID: 2349854400829108378, guid: 071f06a862d723246aa15ff4f6233015,
        type: 3}
      propertyPath: m_ConnectedAnchor.y
      value: 6.82
      objectReference: {fileID: 0}
    - target: {fileID: 2349854400829108383, guid: 071f06a862d723246aa15ff4f6233015,
        type: 3}
      propertyPath: m_LocalPosition.y
      value: 0.6
      objectReference: {fileID: 0}
    m_RemovedComponents: []
  m_SourcePrefab: {fileID: 100100000, guid: 071f06a862d723246aa15ff4f6233015, type: 3}
--- !u!4 &4128403469242292529 stripped
Transform:
  m_CorrespondingSourceObject: {fileID: 8981977872851586093, guid: 071f06a862d723246aa15ff4f6233015,
    type: 3}
  m_PrefabInstance: {fileID: 5038802702269781276}
  m_PrefabAsset: {fileID: 0}
--- !u!1001 &6429072874054757807
PrefabInstance:
  m_ObjectHideFlags: 0
  serializedVersion: 2
  m_Modification:
    m_TransformParent: {fileID: 7309676981576020464}
    m_Modifications:
    - target: {fileID: 100000, guid: 2a938a9bcec9ef347a593b55579634b6, type: 3}
      propertyPath: m_Name
      value: ASCENSONE DOPPIO
      objectReference: {fileID: 0}
    - target: {fileID: 100004, guid: 2a938a9bcec9ef347a593b55579634b6, type: 3}
      propertyPath: m_IsActive
      value: 1
      objectReference: {fileID: 0}
    - target: {fileID: 400000, guid: 2a938a9bcec9ef347a593b55579634b6, type: 3}
      propertyPath: m_LocalPosition.x
      value: 0
      objectReference: {fileID: 0}
    - target: {fileID: 400000, guid: 2a938a9bcec9ef347a593b55579634b6, type: 3}
      propertyPath: m_LocalPosition.y
      value: 0.23123
      objectReference: {fileID: 0}
    - target: {fileID: 400000, guid: 2a938a9bcec9ef347a593b55579634b6, type: 3}
      propertyPath: m_LocalPosition.z
      value: 0
      objectReference: {fileID: 0}
    - target: {fileID: 400000, guid: 2a938a9bcec9ef347a593b55579634b6, type: 3}
      propertyPath: m_LocalRotation.x
      value: -0
      objectReference: {fileID: 0}
    - target: {fileID: 400000, guid: 2a938a9bcec9ef347a593b55579634b6, type: 3}
      propertyPath: m_LocalRotation.y
      value: -0
      objectReference: {fileID: 0}
    - target: {fileID: 400000, guid: 2a938a9bcec9ef347a593b55579634b6, type: 3}
      propertyPath: m_LocalRotation.z
      value: -0
      objectReference: {fileID: 0}
    - target: {fileID: 400000, guid: 2a938a9bcec9ef347a593b55579634b6, type: 3}
      propertyPath: m_LocalRotation.w
      value: 1
      objectReference: {fileID: 0}
    - target: {fileID: 400000, guid: 2a938a9bcec9ef347a593b55579634b6, type: 3}
      propertyPath: m_RootOrder
      value: 1
      objectReference: {fileID: 0}
    - target: {fileID: 400000, guid: 2a938a9bcec9ef347a593b55579634b6, type: 3}
      propertyPath: m_LocalEulerAnglesHint.x
      value: 0
      objectReference: {fileID: 0}
    - target: {fileID: 400000, guid: 2a938a9bcec9ef347a593b55579634b6, type: 3}
      propertyPath: m_LocalEulerAnglesHint.y
      value: 0
      objectReference: {fileID: 0}
    - target: {fileID: 400000, guid: 2a938a9bcec9ef347a593b55579634b6, type: 3}
      propertyPath: m_LocalEulerAnglesHint.z
      value: 0
      objectReference: {fileID: 0}
    - target: {fileID: 400000, guid: 2a938a9bcec9ef347a593b55579634b6, type: 3}
      propertyPath: m_LocalScale.x
      value: 100
      objectReference: {fileID: 0}
    - target: {fileID: 400000, guid: 2a938a9bcec9ef347a593b55579634b6, type: 3}
      propertyPath: m_LocalScale.y
      value: 100
      objectReference: {fileID: 0}
    - target: {fileID: 400000, guid: 2a938a9bcec9ef347a593b55579634b6, type: 3}
      propertyPath: m_LocalScale.z
      value: 100
      objectReference: {fileID: 0}
    - target: {fileID: 2300012, guid: 2a938a9bcec9ef347a593b55579634b6, type: 3}
      propertyPath: m_Materials.Array.data[0]
      value: 
      objectReference: {fileID: 2100000, guid: 10ab6118a5597ef438c41160bbb2b05b, type: 2}
    - target: {fileID: 2300010, guid: 2a938a9bcec9ef347a593b55579634b6, type: 3}
      propertyPath: m_Materials.Array.data[0]
      value: 
      objectReference: {fileID: 2100000, guid: 10ab6118a5597ef438c41160bbb2b05b, type: 2}
    - target: {fileID: 2300008, guid: 2a938a9bcec9ef347a593b55579634b6, type: 3}
      propertyPath: m_Materials.Array.data[0]
      value: 
      objectReference: {fileID: 2100000, guid: 10ab6118a5597ef438c41160bbb2b05b, type: 2}
    - target: {fileID: 2300006, guid: 2a938a9bcec9ef347a593b55579634b6, type: 3}
      propertyPath: m_Materials.Array.data[0]
      value: 
      objectReference: {fileID: 2100000, guid: 10ab6118a5597ef438c41160bbb2b05b, type: 2}
    - target: {fileID: 2300004, guid: 2a938a9bcec9ef347a593b55579634b6, type: 3}
      propertyPath: m_Materials.Array.data[0]
      value: 
      objectReference: {fileID: 2100000, guid: 66ab80459fac8e543a3330c608cc2ece, type: 2}
    - target: {fileID: 2300002, guid: 2a938a9bcec9ef347a593b55579634b6, type: 3}
      propertyPath: m_Materials.Array.data[0]
      value: 
      objectReference: {fileID: 2100000, guid: 670d37243bce58c4e9836405a828a95f, type: 2}
    - target: {fileID: 2300000, guid: 2a938a9bcec9ef347a593b55579634b6, type: 3}
      propertyPath: m_Materials.Array.data[0]
      value: 
      objectReference: {fileID: 2100000, guid: ad8bbd0e3574a4a4ea232836d56c7190, type: 2}
    m_RemovedComponents: []
  m_SourcePrefab: {fileID: 100100000, guid: 2a938a9bcec9ef347a593b55579634b6, type: 3}
--- !u!4 &6429072874054891311 stripped
Transform:
  m_CorrespondingSourceObject: {fileID: 400000, guid: 2a938a9bcec9ef347a593b55579634b6,
    type: 3}
  m_PrefabInstance: {fileID: 6429072874054757807}
  m_PrefabAsset: {fileID: 0}
--- !u!1 &6429072874054855435 stripped
GameObject:
  m_CorrespondingSourceObject: {fileID: 100004, guid: 2a938a9bcec9ef347a593b55579634b6,
    type: 3}
  m_PrefabInstance: {fileID: 6429072874054757807}
  m_PrefabAsset: {fileID: 0}
--- !u!1001 &7211412966174237678
PrefabInstance:
  m_ObjectHideFlags: 0
  serializedVersion: 2
  m_Modification:
    m_TransformParent: {fileID: 7309676982843164046}
    m_Modifications:
    - target: {fileID: 82415311791422249, guid: bb504c5c58eee144f84cc4414536f086,
        type: 3}
      propertyPath: m_Name
      value: dashedLine
      objectReference: {fileID: 0}
    - target: {fileID: 7612693735750340784, guid: bb504c5c58eee144f84cc4414536f086,
        type: 3}
      propertyPath: m_LocalPosition.x
      value: 5.8155894
      objectReference: {fileID: 0}
    - target: {fileID: 7612693735750340784, guid: bb504c5c58eee144f84cc4414536f086,
        type: 3}
      propertyPath: m_LocalPosition.y
      value: 10.589512
      objectReference: {fileID: 0}
    - target: {fileID: 7612693735750340784, guid: bb504c5c58eee144f84cc4414536f086,
        type: 3}
      propertyPath: m_LocalPosition.z
      value: 0
      objectReference: {fileID: 0}
    - target: {fileID: 7612693735750340784, guid: bb504c5c58eee144f84cc4414536f086,
        type: 3}
      propertyPath: m_LocalRotation.x
      value: -0
      objectReference: {fileID: 0}
    - target: {fileID: 7612693735750340784, guid: bb504c5c58eee144f84cc4414536f086,
        type: 3}
      propertyPath: m_LocalRotation.y
      value: -0
      objectReference: {fileID: 0}
    - target: {fileID: 7612693735750340784, guid: bb504c5c58eee144f84cc4414536f086,
        type: 3}
      propertyPath: m_LocalRotation.z
      value: 0.70699847
      objectReference: {fileID: 0}
    - target: {fileID: 7612693735750340784, guid: bb504c5c58eee144f84cc4414536f086,
        type: 3}
      propertyPath: m_LocalRotation.w
      value: 0.70721513
      objectReference: {fileID: 0}
    - target: {fileID: 7612693735750340784, guid: bb504c5c58eee144f84cc4414536f086,
        type: 3}
      propertyPath: m_RootOrder
      value: 2
      objectReference: {fileID: 0}
    - target: {fileID: 7612693735750340784, guid: bb504c5c58eee144f84cc4414536f086,
        type: 3}
      propertyPath: m_LocalEulerAnglesHint.x
      value: 0
      objectReference: {fileID: 0}
    - target: {fileID: 7612693735750340784, guid: bb504c5c58eee144f84cc4414536f086,
        type: 3}
      propertyPath: m_LocalEulerAnglesHint.y
      value: 0
      objectReference: {fileID: 0}
    - target: {fileID: 7612693735750340784, guid: bb504c5c58eee144f84cc4414536f086,
        type: 3}
      propertyPath: m_LocalEulerAnglesHint.z
      value: 89.982
      objectReference: {fileID: 0}
    - target: {fileID: 7612693735750340784, guid: bb504c5c58eee144f84cc4414536f086,
        type: 3}
      propertyPath: m_LocalScale.x
      value: 0.4
      objectReference: {fileID: 0}
    - target: {fileID: 7612693735750340784, guid: bb504c5c58eee144f84cc4414536f086,
        type: 3}
      propertyPath: m_LocalScale.y
      value: 0.2
      objectReference: {fileID: 0}
    - target: {fileID: 5250149888548197760, guid: bb504c5c58eee144f84cc4414536f086,
        type: 3}
      propertyPath: m_Color.a
      value: 1
      objectReference: {fileID: 0}
    m_RemovedComponents: []
  m_SourcePrefab: {fileID: 100100000, guid: bb504c5c58eee144f84cc4414536f086, type: 3}
--- !u!4 &986760545724773214 stripped
Transform:
  m_CorrespondingSourceObject: {fileID: 7612693735750340784, guid: bb504c5c58eee144f84cc4414536f086,
    type: 3}
  m_PrefabInstance: {fileID: 7211412966174237678}
  m_PrefabAsset: {fileID: 0}
