%YAML 1.1
%TAG !u! tag:unity3d.com,2011:
--- !u!65 &1278222726947101562
BoxCollider:
  m_ObjectHideFlags: 0
  m_CorrespondingSourceObject: {fileID: 0}
  m_PrefabInstance: {fileID: 0}
  m_PrefabAsset: {fileID: 0}
  m_GameObject: {fileID: 5082142391456659154}
  m_Material: {fileID: 13400000, guid: 7db4c9a3c485a9e469dcac8bfdf75f25, type: 2}
  m_IsTrigger: 0
  m_Enabled: 1
  serializedVersion: 2
  m_Size: {x: 1, y: 2.8079855, z: 1.360009}
  m_Center: {x: 2.1208742e-17, y: 1.2039335, z: -0.008802523}
--- !u!1 &7355456695758107612
GameObject:
  m_ObjectHideFlags: 0
  m_CorrespondingSourceObject: {fileID: 0}
  m_PrefabInstance: {fileID: 0}
  m_PrefabAsset: {fileID: 0}
  serializedVersion: 6
  m_Component:
  - component: {fileID: 7355456695758107613}
  m_Layer: 0
  m_Name: Players and Hearts Container
  m_TagString: Untagged
  m_Icon: {fileID: 0}
  m_NavMeshLayer: 0
  m_StaticEditorFlags: 0
  m_IsActive: 1
--- !u!4 &7355456695758107613
Transform:
  m_ObjectHideFlags: 0
  m_CorrespondingSourceObject: {fileID: 0}
  m_PrefabInstance: {fileID: 0}
  m_PrefabAsset: {fileID: 0}
  m_GameObject: {fileID: 7355456695758107612}
  m_LocalRotation: {x: 0, y: 0, z: 0, w: 1}
  m_LocalPosition: {x: 1.1611557, y: 4.2377906, z: 1.3820473}
  m_LocalScale: {x: 1, y: 1, z: 1}
  m_Children:
  - {fileID: 7542045290917027569}
  - {fileID: 7542045292218459803}
  - {fileID: 7357989464452986354}
  - {fileID: 7357989465803851801}
  m_Father: {fileID: 0}
  m_RootOrder: 0
  m_LocalEulerAnglesHint: {x: 0, y: 0, z: 0}
--- !u!1001 &4800030373334661020
PrefabInstance:
  m_ObjectHideFlags: 0
  serializedVersion: 2
  m_Modification:
    m_TransformParent: {fileID: 7542045292218459803}
    m_Modifications:
    - target: {fileID: 100016, guid: bc86836717415034bb7311abaf98e701, type: 3}
      propertyPath: m_Name
      value: Robot
      objectReference: {fileID: 0}
    - target: {fileID: 100016, guid: bc86836717415034bb7311abaf98e701, type: 3}
      propertyPath: m_IsActive
      value: 1
      objectReference: {fileID: 0}
    - target: {fileID: 400016, guid: bc86836717415034bb7311abaf98e701, type: 3}
      propertyPath: m_LocalPosition.x
      value: 0
      objectReference: {fileID: 0}
    - target: {fileID: 400016, guid: bc86836717415034bb7311abaf98e701, type: 3}
      propertyPath: m_LocalPosition.y
      value: 1.3
      objectReference: {fileID: 0}
    - target: {fileID: 400016, guid: bc86836717415034bb7311abaf98e701, type: 3}
      propertyPath: m_LocalPosition.z
      value: 0
      objectReference: {fileID: 0}
    - target: {fileID: 400016, guid: bc86836717415034bb7311abaf98e701, type: 3}
      propertyPath: m_LocalRotation.x
      value: 0
      objectReference: {fileID: 0}
    - target: {fileID: 400016, guid: bc86836717415034bb7311abaf98e701, type: 3}
      propertyPath: m_LocalRotation.y
      value: 1
      objectReference: {fileID: 0}
    - target: {fileID: 400016, guid: bc86836717415034bb7311abaf98e701, type: 3}
      propertyPath: m_LocalRotation.z
      value: 0
      objectReference: {fileID: 0}
    - target: {fileID: 400016, guid: bc86836717415034bb7311abaf98e701, type: 3}
      propertyPath: m_LocalRotation.w
      value: 0
      objectReference: {fileID: 0}
    - target: {fileID: 400016, guid: bc86836717415034bb7311abaf98e701, type: 3}
      propertyPath: m_RootOrder
      value: 6
      objectReference: {fileID: 0}
    - target: {fileID: 400016, guid: bc86836717415034bb7311abaf98e701, type: 3}
      propertyPath: m_LocalEulerAnglesHint.x
      value: 0
      objectReference: {fileID: 0}
    - target: {fileID: 400016, guid: bc86836717415034bb7311abaf98e701, type: 3}
      propertyPath: m_LocalEulerAnglesHint.y
      value: 180
      objectReference: {fileID: 0}
    - target: {fileID: 400016, guid: bc86836717415034bb7311abaf98e701, type: 3}
      propertyPath: m_LocalEulerAnglesHint.z
      value: 0
      objectReference: {fileID: 0}
    - target: {fileID: 400016, guid: bc86836717415034bb7311abaf98e701, type: 3}
      propertyPath: m_LocalScale.x
      value: 65
      objectReference: {fileID: 0}
    - target: {fileID: 400016, guid: bc86836717415034bb7311abaf98e701, type: 3}
      propertyPath: m_LocalScale.y
      value: 65
      objectReference: {fileID: 0}
    - target: {fileID: 400016, guid: bc86836717415034bb7311abaf98e701, type: 3}
      propertyPath: m_LocalScale.z
      value: 65
      objectReference: {fileID: 0}
    - target: {fileID: 2300012, guid: bc86836717415034bb7311abaf98e701, type: 3}
      propertyPath: m_Materials.Array.data[0]
      value: 
      objectReference: {fileID: 2100000, guid: 56a6a27c0527a62408b9d8fd2d1752c7, type: 2}
    - target: {fileID: 2300014, guid: bc86836717415034bb7311abaf98e701, type: 3}
      propertyPath: m_Materials.Array.data[0]
      value: 
      objectReference: {fileID: 2100000, guid: 56a6a27c0527a62408b9d8fd2d1752c7, type: 2}
    - target: {fileID: 2300008, guid: bc86836717415034bb7311abaf98e701, type: 3}
      propertyPath: m_Materials.Array.data[0]
      value: 
      objectReference: {fileID: 2100000, guid: 56a6a27c0527a62408b9d8fd2d1752c7, type: 2}
    - target: {fileID: 2300010, guid: bc86836717415034bb7311abaf98e701, type: 3}
      propertyPath: m_Materials.Array.data[0]
      value: 
      objectReference: {fileID: 2100000, guid: 56a6a27c0527a62408b9d8fd2d1752c7, type: 2}
    - target: {fileID: 2300004, guid: bc86836717415034bb7311abaf98e701, type: 3}
      propertyPath: m_Materials.Array.data[0]
      value: 
      objectReference: {fileID: 2100000, guid: 56a6a27c0527a62408b9d8fd2d1752c7, type: 2}
    - target: {fileID: 2300006, guid: bc86836717415034bb7311abaf98e701, type: 3}
      propertyPath: m_Materials.Array.data[0]
      value: 
      objectReference: {fileID: 2100000, guid: 56a6a27c0527a62408b9d8fd2d1752c7, type: 2}
    - target: {fileID: 2300000, guid: bc86836717415034bb7311abaf98e701, type: 3}
      propertyPath: m_Materials.Array.data[0]
      value: 
      objectReference: {fileID: 2100000, guid: 56a6a27c0527a62408b9d8fd2d1752c7, type: 2}
    - target: {fileID: 2300002, guid: bc86836717415034bb7311abaf98e701, type: 3}
      propertyPath: m_Materials.Array.data[0]
      value: 
      objectReference: {fileID: 2100000, guid: 56a6a27c0527a62408b9d8fd2d1752c7, type: 2}
    m_RemovedComponents: []
  m_SourcePrefab: {fileID: 100100000, guid: bc86836717415034bb7311abaf98e701, type: 3}
--- !u!1001 &7355456694873901418
PrefabInstance:
  m_ObjectHideFlags: 0
  serializedVersion: 2
  m_Modification:
    m_TransformParent: {fileID: 7355456695758107613}
    m_Modifications:
    - target: {fileID: 1671746458680490, guid: 8afb2efab652c134aa380a71c15d0b3d, type: 3}
      propertyPath: m_Name
      value: HeartCube 1
      objectReference: {fileID: 0}
    - target: {fileID: 4222724393352344, guid: 8afb2efab652c134aa380a71c15d0b3d, type: 3}
      propertyPath: m_LocalPosition.x
      value: -0.69615746
      objectReference: {fileID: 0}
    - target: {fileID: 4222724393352344, guid: 8afb2efab652c134aa380a71c15d0b3d, type: 3}
      propertyPath: m_LocalPosition.y
      value: -18.326395
      objectReference: {fileID: 0}
    - target: {fileID: 4222724393352344, guid: 8afb2efab652c134aa380a71c15d0b3d, type: 3}
      propertyPath: m_LocalPosition.z
      value: -1.0320473
      objectReference: {fileID: 0}
    - target: {fileID: 4222724393352344, guid: 8afb2efab652c134aa380a71c15d0b3d, type: 3}
      propertyPath: m_LocalRotation.x
      value: -0
      objectReference: {fileID: 0}
    - target: {fileID: 4222724393352344, guid: 8afb2efab652c134aa380a71c15d0b3d, type: 3}
      propertyPath: m_LocalRotation.y
      value: -0
      objectReference: {fileID: 0}
    - target: {fileID: 4222724393352344, guid: 8afb2efab652c134aa380a71c15d0b3d, type: 3}
      propertyPath: m_LocalRotation.z
      value: -0
      objectReference: {fileID: 0}
    - target: {fileID: 4222724393352344, guid: 8afb2efab652c134aa380a71c15d0b3d, type: 3}
      propertyPath: m_LocalRotation.w
      value: 1
      objectReference: {fileID: 0}
    - target: {fileID: 4222724393352344, guid: 8afb2efab652c134aa380a71c15d0b3d, type: 3}
      propertyPath: m_RootOrder
      value: 2
      objectReference: {fileID: 0}
    - target: {fileID: 4222724393352344, guid: 8afb2efab652c134aa380a71c15d0b3d, type: 3}
      propertyPath: m_LocalEulerAnglesHint.x
      value: 0
      objectReference: {fileID: 0}
    - target: {fileID: 4222724393352344, guid: 8afb2efab652c134aa380a71c15d0b3d, type: 3}
      propertyPath: m_LocalEulerAnglesHint.y
      value: 0
      objectReference: {fileID: 0}
    - target: {fileID: 4222724393352344, guid: 8afb2efab652c134aa380a71c15d0b3d, type: 3}
      propertyPath: m_LocalEulerAnglesHint.z
      value: 0
      objectReference: {fileID: 0}
    m_RemovedComponents: []
  m_SourcePrefab: {fileID: 100100000, guid: 8afb2efab652c134aa380a71c15d0b3d, type: 3}
--- !u!1 &7356107265594144192 stripped
GameObject:
  m_CorrespondingSourceObject: {fileID: 1671746458680490, guid: 8afb2efab652c134aa380a71c15d0b3d,
    type: 3}
  m_PrefabInstance: {fileID: 7355456694873901418}
  m_PrefabAsset: {fileID: 0}
--- !u!4 &7357989464452986354 stripped
Transform:
  m_CorrespondingSourceObject: {fileID: 4222724393352344, guid: 8afb2efab652c134aa380a71c15d0b3d,
    type: 3}
  m_PrefabInstance: {fileID: 7355456694873901418}
  m_PrefabAsset: {fileID: 0}
--- !u!1001 &7355456694961662562
PrefabInstance:
  m_ObjectHideFlags: 0
  serializedVersion: 2
  m_Modification:
    m_TransformParent: {fileID: 7355456695758107613}
    m_Modifications:
    - target: {fileID: 1056707410144066449, guid: aed9f4560bb725d46b828e3f14a4b301,
        type: 3}
      propertyPath: m_Name
      value: 3DPlayer 2
      objectReference: {fileID: 0}
    - target: {fileID: 1061001091999675539, guid: aed9f4560bb725d46b828e3f14a4b301,
        type: 3}
      propertyPath: m_LocalPosition.x
      value: -9.721156
      objectReference: {fileID: 0}
    - target: {fileID: 1061001091999675539, guid: aed9f4560bb725d46b828e3f14a4b301,
        type: 3}
      propertyPath: m_LocalPosition.y
      value: -8.28779
      objectReference: {fileID: 0}
    - target: {fileID: 1061001091999675539, guid: aed9f4560bb725d46b828e3f14a4b301,
        type: 3}
      propertyPath: m_LocalPosition.z
      value: -1.0320473
      objectReference: {fileID: 0}
    - target: {fileID: 1061001091999675539, guid: aed9f4560bb725d46b828e3f14a4b301,
        type: 3}
      propertyPath: m_LocalRotation.x
      value: -0
      objectReference: {fileID: 0}
    - target: {fileID: 1061001091999675539, guid: aed9f4560bb725d46b828e3f14a4b301,
        type: 3}
      propertyPath: m_LocalRotation.y
      value: -0
      objectReference: {fileID: 0}
    - target: {fileID: 1061001091999675539, guid: aed9f4560bb725d46b828e3f14a4b301,
        type: 3}
      propertyPath: m_LocalRotation.z
      value: -0
      objectReference: {fileID: 0}
    - target: {fileID: 1061001091999675539, guid: aed9f4560bb725d46b828e3f14a4b301,
        type: 3}
      propertyPath: m_LocalRotation.w
      value: 1
      objectReference: {fileID: 0}
    - target: {fileID: 1061001091999675539, guid: aed9f4560bb725d46b828e3f14a4b301,
        type: 3}
      propertyPath: m_RootOrder
      value: 0
      objectReference: {fileID: 0}
    - target: {fileID: 1061001091999675539, guid: aed9f4560bb725d46b828e3f14a4b301,
        type: 3}
      propertyPath: m_LocalEulerAnglesHint.x
      value: 0
      objectReference: {fileID: 0}
    - target: {fileID: 1061001091999675539, guid: aed9f4560bb725d46b828e3f14a4b301,
        type: 3}
      propertyPath: m_LocalEulerAnglesHint.y
      value: 0
      objectReference: {fileID: 0}
    - target: {fileID: 1061001091999675539, guid: aed9f4560bb725d46b828e3f14a4b301,
        type: 3}
      propertyPath: m_LocalEulerAnglesHint.z
      value: 0
      objectReference: {fileID: 0}
    - target: {fileID: 5287053035477914711, guid: aed9f4560bb725d46b828e3f14a4b301,
        type: 3}
      propertyPath: m_LocalPosition.x
      value: 1.5
      objectReference: {fileID: 0}
    - target: {fileID: 5287053035477914711, guid: aed9f4560bb725d46b828e3f14a4b301,
        type: 3}
      propertyPath: m_LocalPosition.y
      value: 0.765
      objectReference: {fileID: 0}
    - target: {fileID: 7574717608330092046, guid: aed9f4560bb725d46b828e3f14a4b301,
        type: 3}
      propertyPath: PlayerNumber
      value: 2
      objectReference: {fileID: 0}
    - target: {fileID: 2347696403932636378, guid: aed9f4560bb725d46b828e3f14a4b301,
        type: 3}
      propertyPath: m_TagString
      value: PlayerMesh
      objectReference: {fileID: 0}
    - target: {fileID: 3944177084035495714, guid: aed9f4560bb725d46b828e3f14a4b301,
        type: 3}
      propertyPath: scriptableReference
      value: 
      objectReference: {fileID: 11400000, guid: 77060b0c10e08dd45b762ba3a365a5ec,
        type: 2}
    - target: {fileID: 3944177084035495714, guid: aed9f4560bb725d46b828e3f14a4b301,
        type: 3}
      propertyPath: heart
      value: 
      objectReference: {fileID: 0}
    - target: {fileID: 3944177084035495714, guid: aed9f4560bb725d46b828e3f14a4b301,
        type: 3}
      propertyPath: spawnHeart
      value: 
      objectReference: {fileID: 7356107264747358251}
    - target: {fileID: 3944177084035495714, guid: aed9f4560bb725d46b828e3f14a4b301,
        type: 3}
      propertyPath: moveHeart
      value: 
      objectReference: {fileID: 7356107265594144192}
    - target: {fileID: 3944177084035495714, guid: aed9f4560bb725d46b828e3f14a4b301,
        type: 3}
      propertyPath: moving
      value: 
      objectReference: {fileID: 8300000, guid: adde67c94132f2249bad6f9a1ef21c69, type: 3}
    - target: {fileID: 6162810455363433053, guid: aed9f4560bb725d46b828e3f14a4b301,
        type: 3}
      propertyPath: m_IsActive
      value: 0
      objectReference: {fileID: 0}
    - target: {fileID: 6162810456479297708, guid: aed9f4560bb725d46b828e3f14a4b301,
        type: 3}
      propertyPath: m_IsActive
      value: 1
      objectReference: {fileID: 0}
    - target: {fileID: 429458387955490086, guid: aed9f4560bb725d46b828e3f14a4b301,
        type: 3}
      propertyPath: m_Materials.Array.data[0]
      value: 
      objectReference: {fileID: 2100000, guid: 021cd67550bc817498d11e765ce627f9, type: 2}
    - target: {fileID: 429458387955490094, guid: aed9f4560bb725d46b828e3f14a4b301,
        type: 3}
      propertyPath: m_Materials.Array.data[0]
      value: 
      objectReference: {fileID: 2100000, guid: 021cd67550bc817498d11e765ce627f9, type: 2}
    - target: {fileID: 1098455074564721023, guid: aed9f4560bb725d46b828e3f14a4b301,
        type: 3}
      propertyPath: playerNumber
      value: 2
      objectReference: {fileID: 0}
    - target: {fileID: 1098455074564721023, guid: aed9f4560bb725d46b828e3f14a4b301,
        type: 3}
      propertyPath: jumpSpeed
      value: 7.2
      objectReference: {fileID: 0}
    - target: {fileID: 1098455074564721023, guid: aed9f4560bb725d46b828e3f14a4b301,
        type: 3}
      propertyPath: fastFallMultplr
      value: 3
      objectReference: {fileID: 0}
    - target: {fileID: 1098455074564721023, guid: aed9f4560bb725d46b828e3f14a4b301,
        type: 3}
      propertyPath: longJumpMultplr
      value: 1
      objectReference: {fileID: 0}
    - target: {fileID: 1098455074564721023, guid: aed9f4560bb725d46b828e3f14a4b301,
        type: 3}
      propertyPath: gravity
      value: 14
      objectReference: {fileID: 0}
    - target: {fileID: 1098455074564721023, guid: aed9f4560bb725d46b828e3f14a4b301,
        type: 3}
      propertyPath: airMultiplier
      value: 1.02
      objectReference: {fileID: 0}
    - target: {fileID: 1098420834933769419, guid: aed9f4560bb725d46b828e3f14a4b301,
        type: 3}
      propertyPath: playerNumber
      value: 2
      objectReference: {fileID: 0}
    - target: {fileID: 1098420834933769419, guid: aed9f4560bb725d46b828e3f14a4b301,
        type: 3}
      propertyPath: heart
      value: 
      objectReference: {fileID: 0}
    - target: {fileID: 1098420834933769419, guid: aed9f4560bb725d46b828e3f14a4b301,
        type: 3}
      propertyPath: myHeart
      value: 
      objectReference: {fileID: 0}
    - target: {fileID: 7956079804632169963, guid: aed9f4560bb725d46b828e3f14a4b301,
        type: 3}
      propertyPath: heart
      value: 
      objectReference: {fileID: 0}
    - target: {fileID: 7956079804632169963, guid: aed9f4560bb725d46b828e3f14a4b301,
        type: 3}
      propertyPath: PlayerNumber
      value: 2
      objectReference: {fileID: 0}
    - target: {fileID: 3633792340771228953, guid: aed9f4560bb725d46b828e3f14a4b301,
        type: 3}
      propertyPath: InitialModule.startColor.maxColor.r
      value: 0.847323
      objectReference: {fileID: 0}
    - target: {fileID: 3633792340771228953, guid: aed9f4560bb725d46b828e3f14a4b301,
        type: 3}
      propertyPath: InitialModule.startColor.maxColor.g
      value: 0.8784314
      objectReference: {fileID: 0}
    - target: {fileID: 3633792340771228953, guid: aed9f4560bb725d46b828e3f14a4b301,
        type: 3}
      propertyPath: InitialModule.startColor.maxColor.b
      value: 0.1764706
      objectReference: {fileID: 0}
    m_RemovedComponents: []
  m_SourcePrefab: {fileID: 100100000, guid: aed9f4560bb725d46b828e3f14a4b301, type: 3}
--- !u!4 &7542045290917027569 stripped
Transform:
  m_CorrespondingSourceObject: {fileID: 1061001091999675539, guid: aed9f4560bb725d46b828e3f14a4b301,
    type: 3}
  m_PrefabInstance: {fileID: 7355456694961662562}
  m_PrefabAsset: {fileID: 0}
--- !u!1001 &7355456696177103368
PrefabInstance:
  m_ObjectHideFlags: 0
  serializedVersion: 2
  m_Modification:
    m_TransformParent: {fileID: 7355456695758107613}
    m_Modifications:
    - target: {fileID: 1056707410144066449, guid: aed9f4560bb725d46b828e3f14a4b301,
        type: 3}
      propertyPath: m_Name
      value: 3DPlayer 1
      objectReference: {fileID: 0}
    - target: {fileID: 1061001091999675539, guid: aed9f4560bb725d46b828e3f14a4b301,
        type: 3}
      propertyPath: m_LocalPosition.x
      value: -2.52
      objectReference: {fileID: 0}
    - target: {fileID: 1061001091999675539, guid: aed9f4560bb725d46b828e3f14a4b301,
        type: 3}
      propertyPath: m_LocalPosition.y
      value: -8.157791
      objectReference: {fileID: 0}
    - target: {fileID: 1061001091999675539, guid: aed9f4560bb725d46b828e3f14a4b301,
        type: 3}
      propertyPath: m_LocalPosition.z
      value: -1.0320473
      objectReference: {fileID: 0}
    - target: {fileID: 1061001091999675539, guid: aed9f4560bb725d46b828e3f14a4b301,
        type: 3}
      propertyPath: m_LocalRotation.x
      value: -0
      objectReference: {fileID: 0}
    - target: {fileID: 1061001091999675539, guid: aed9f4560bb725d46b828e3f14a4b301,
        type: 3}
      propertyPath: m_LocalRotation.y
      value: -0
      objectReference: {fileID: 0}
    - target: {fileID: 1061001091999675539, guid: aed9f4560bb725d46b828e3f14a4b301,
        type: 3}
      propertyPath: m_LocalRotation.z
      value: -0
      objectReference: {fileID: 0}
    - target: {fileID: 1061001091999675539, guid: aed9f4560bb725d46b828e3f14a4b301,
        type: 3}
      propertyPath: m_LocalRotation.w
      value: 1
      objectReference: {fileID: 0}
    - target: {fileID: 1061001091999675539, guid: aed9f4560bb725d46b828e3f14a4b301,
        type: 3}
      propertyPath: m_RootOrder
      value: 1
      objectReference: {fileID: 0}
    - target: {fileID: 1061001091999675539, guid: aed9f4560bb725d46b828e3f14a4b301,
        type: 3}
      propertyPath: m_LocalEulerAnglesHint.x
      value: 0
      objectReference: {fileID: 0}
    - target: {fileID: 1061001091999675539, guid: aed9f4560bb725d46b828e3f14a4b301,
        type: 3}
      propertyPath: m_LocalEulerAnglesHint.y
      value: 0
      objectReference: {fileID: 0}
    - target: {fileID: 1061001091999675539, guid: aed9f4560bb725d46b828e3f14a4b301,
        type: 3}
      propertyPath: m_LocalEulerAnglesHint.z
      value: 0
      objectReference: {fileID: 0}
    - target: {fileID: 5287053035477914711, guid: aed9f4560bb725d46b828e3f14a4b301,
        type: 3}
      propertyPath: m_LocalPosition.x
      value: 2.7
      objectReference: {fileID: 0}
    - target: {fileID: 5287053035477914711, guid: aed9f4560bb725d46b828e3f14a4b301,
        type: 3}
      propertyPath: m_LocalPosition.y
      value: 0.25
      objectReference: {fileID: 0}
    - target: {fileID: 2347696403932636378, guid: aed9f4560bb725d46b828e3f14a4b301,
        type: 3}
      propertyPath: m_TagString
      value: PlayerMesh
      objectReference: {fileID: 0}
    - target: {fileID: 3944177084035495714, guid: aed9f4560bb725d46b828e3f14a4b301,
        type: 3}
      propertyPath: scriptableReference
      value: 
      objectReference: {fileID: 11400000, guid: 243d10dbe28bbc142ba0e10945f745e0,
        type: 2}
    - target: {fileID: 3944177084035495714, guid: aed9f4560bb725d46b828e3f14a4b301,
        type: 3}
      propertyPath: heart
      value: 
      objectReference: {fileID: 0}
    - target: {fileID: 3944177084035495714, guid: aed9f4560bb725d46b828e3f14a4b301,
        type: 3}
      propertyPath: spawnHeart
      value: 
      objectReference: {fileID: 7356107265594144192}
    - target: {fileID: 3944177084035495714, guid: aed9f4560bb725d46b828e3f14a4b301,
        type: 3}
      propertyPath: moveHeart
      value: 
      objectReference: {fileID: 7356107264747358251}
    - target: {fileID: 429458387953288172, guid: aed9f4560bb725d46b828e3f14a4b301,
        type: 3}
      propertyPath: m_IsActive
      value: 0
      objectReference: {fileID: 0}
    - target: {fileID: 1027833327985011317, guid: aed9f4560bb725d46b828e3f14a4b301,
        type: 3}
      propertyPath: m_Size.x
      value: 1.7777468
      objectReference: {fileID: 0}
    - target: {fileID: 1027833327985011317, guid: aed9f4560bb725d46b828e3f14a4b301,
        type: 3}
      propertyPath: m_Center.x
      value: -0.19987363
      objectReference: {fileID: 0}
    - target: {fileID: 6162810455363433053, guid: aed9f4560bb725d46b828e3f14a4b301,
        type: 3}
      propertyPath: m_IsActive
      value: 1
      objectReference: {fileID: 0}
    - target: {fileID: 6162810456479297708, guid: aed9f4560bb725d46b828e3f14a4b301,
        type: 3}
      propertyPath: m_IsActive
      value: 0
      objectReference: {fileID: 0}
    - target: {fileID: 1737669320262307771, guid: aed9f4560bb725d46b828e3f14a4b301,
        type: 3}
      propertyPath: m_Size.y
      value: 1.9949492
      objectReference: {fileID: 0}
    - target: {fileID: 1737669320262307771, guid: aed9f4560bb725d46b828e3f14a4b301,
        type: 3}
      propertyPath: m_Center.y
      value: 1.6115652
      objectReference: {fileID: 0}
    - target: {fileID: 1737669320262307771, guid: aed9f4560bb725d46b828e3f14a4b301,
        type: 3}
      propertyPath: m_Size.z
      value: 1.4851227
      objectReference: {fileID: 0}
    - target: {fileID: 1737669320262307771, guid: aed9f4560bb725d46b828e3f14a4b301,
        type: 3}
      propertyPath: m_Center.x
      value: 1.7890344e-16
      objectReference: {fileID: 0}
    - target: {fileID: 1737669320262307771, guid: aed9f4560bb725d46b828e3f14a4b301,
        type: 3}
      propertyPath: m_Center.z
      value: -0.06805073
      objectReference: {fileID: 0}
    - target: {fileID: 429458387955490086, guid: aed9f4560bb725d46b828e3f14a4b301,
        type: 3}
      propertyPath: m_Materials.Array.data[0]
      value: 
      objectReference: {fileID: 2100000, guid: 8934e5dadae6b264bbf9e61460bc0565, type: 2}
    - target: {fileID: 429458387955490094, guid: aed9f4560bb725d46b828e3f14a4b301,
        type: 3}
      propertyPath: m_Materials.Array.data[0]
      value: 
      objectReference: {fileID: 2100000, guid: 8934e5dadae6b264bbf9e61460bc0565, type: 2}
    - target: {fileID: 1098455074564721023, guid: aed9f4560bb725d46b828e3f14a4b301,
        type: 3}
      propertyPath: jumpSpeed
      value: 7.2
      objectReference: {fileID: 0}
    - target: {fileID: 1098455074564721023, guid: aed9f4560bb725d46b828e3f14a4b301,
        type: 3}
      propertyPath: fastFallMultplr
      value: 3
      objectReference: {fileID: 0}
    - target: {fileID: 1098455074564721023, guid: aed9f4560bb725d46b828e3f14a4b301,
        type: 3}
      propertyPath: longJumpMultplr
      value: 1
      objectReference: {fileID: 0}
    - target: {fileID: 1098455074564721023, guid: aed9f4560bb725d46b828e3f14a4b301,
        type: 3}
      propertyPath: gravity
      value: 14
      objectReference: {fileID: 0}
    - target: {fileID: 1098455074564721023, guid: aed9f4560bb725d46b828e3f14a4b301,
        type: 3}
      propertyPath: airMultiplier
      value: 1.02
      objectReference: {fileID: 0}
    - target: {fileID: 1098420834933769419, guid: aed9f4560bb725d46b828e3f14a4b301,
        type: 3}
      propertyPath: heart
      value: 
      objectReference: {fileID: 0}
    - target: {fileID: 1098420834933769419, guid: aed9f4560bb725d46b828e3f14a4b301,
        type: 3}
      propertyPath: repulse
      value: 0
      objectReference: {fileID: 0}
    - target: {fileID: 1098420834933769419, guid: aed9f4560bb725d46b828e3f14a4b301,
        type: 3}
      propertyPath: myHeart
      value: 
      objectReference: {fileID: 0}
    - target: {fileID: 7956079804632169963, guid: aed9f4560bb725d46b828e3f14a4b301,
        type: 3}
      propertyPath: heart
      value: 
      objectReference: {fileID: 0}
    - target: {fileID: 7956079804632169963, guid: aed9f4560bb725d46b828e3f14a4b301,
        type: 3}
      propertyPath: PlayerNumber
      value: 1
      objectReference: {fileID: 0}
    - target: {fileID: 3633792340771228953, guid: aed9f4560bb725d46b828e3f14a4b301,
        type: 3}
      propertyPath: InitialModule.startColor.maxColor.r
      value: 0.21304758
      objectReference: {fileID: 0}
    - target: {fileID: 3633792340771228953, guid: aed9f4560bb725d46b828e3f14a4b301,
        type: 3}
      propertyPath: InitialModule.startColor.maxColor.g
      value: 0.8396226
      objectReference: {fileID: 0}
    - target: {fileID: 3633792340771228953, guid: aed9f4560bb725d46b828e3f14a4b301,
        type: 3}
      propertyPath: InitialModule.startColor.maxColor.b
      value: 0.13861692
      objectReference: {fileID: 0}
    m_RemovedComponents:
    - {fileID: 1737669320262307771, guid: aed9f4560bb725d46b828e3f14a4b301, type: 3}
  m_SourcePrefab: {fileID: 100100000, guid: aed9f4560bb725d46b828e3f14a4b301, type: 3}
--- !u!4 &7542045292218459803 stripped
Transform:
  m_CorrespondingSourceObject: {fileID: 1061001091999675539, guid: aed9f4560bb725d46b828e3f14a4b301,
    type: 3}
  m_PrefabInstance: {fileID: 7355456696177103368}
  m_PrefabAsset: {fileID: 0}
--- !u!1 &5082142391456659154 stripped
GameObject:
  m_CorrespondingSourceObject: {fileID: 2347696403932636378, guid: aed9f4560bb725d46b828e3f14a4b301,
    type: 3}
  m_PrefabInstance: {fileID: 7355456696177103368}
  m_PrefabAsset: {fileID: 0}
--- !u!1001 &7355456696191104129
PrefabInstance:
  m_ObjectHideFlags: 0
  serializedVersion: 2
  m_Modification:
    m_TransformParent: {fileID: 7355456695758107613}
    m_Modifications:
    - target: {fileID: 1671746458680490, guid: 928f870d6c4b87747ae0f65add5a6daf, type: 3}
      propertyPath: m_Name
      value: HeartCube 2
      objectReference: {fileID: 0}
    - target: {fileID: 4222724393352344, guid: 928f870d6c4b87747ae0f65add5a6daf, type: 3}
      propertyPath: m_LocalPosition.x
      value: -4.7311554
      objectReference: {fileID: 0}
    - target: {fileID: 4222724393352344, guid: 928f870d6c4b87747ae0f65add5a6daf, type: 3}
      propertyPath: m_LocalPosition.y
      value: -16.92779
      objectReference: {fileID: 0}
    - target: {fileID: 4222724393352344, guid: 928f870d6c4b87747ae0f65add5a6daf, type: 3}
      propertyPath: m_LocalPosition.z
      value: -1.0320473
      objectReference: {fileID: 0}
    - target: {fileID: 4222724393352344, guid: 928f870d6c4b87747ae0f65add5a6daf, type: 3}
      propertyPath: m_LocalRotation.x
      value: -0
      objectReference: {fileID: 0}
    - target: {fileID: 4222724393352344, guid: 928f870d6c4b87747ae0f65add5a6daf, type: 3}
      propertyPath: m_LocalRotation.y
      value: -0
      objectReference: {fileID: 0}
    - target: {fileID: 4222724393352344, guid: 928f870d6c4b87747ae0f65add5a6daf, type: 3}
      propertyPath: m_LocalRotation.z
      value: -0
      objectReference: {fileID: 0}
    - target: {fileID: 4222724393352344, guid: 928f870d6c4b87747ae0f65add5a6daf, type: 3}
      propertyPath: m_LocalRotation.w
      value: 1
      objectReference: {fileID: 0}
    - target: {fileID: 4222724393352344, guid: 928f870d6c4b87747ae0f65add5a6daf, type: 3}
      propertyPath: m_RootOrder
      value: 3
      objectReference: {fileID: 0}
    - target: {fileID: 4222724393352344, guid: 928f870d6c4b87747ae0f65add5a6daf, type: 3}
      propertyPath: m_LocalEulerAnglesHint.x
      value: 0
      objectReference: {fileID: 0}
    - target: {fileID: 4222724393352344, guid: 928f870d6c4b87747ae0f65add5a6daf, type: 3}
      propertyPath: m_LocalEulerAnglesHint.y
      value: 0
      objectReference: {fileID: 0}
    - target: {fileID: 4222724393352344, guid: 928f870d6c4b87747ae0f65add5a6daf, type: 3}
      propertyPath: m_LocalEulerAnglesHint.z
      value: 0
      objectReference: {fileID: 0}
    - target: {fileID: 6995191432218137472, guid: 928f870d6c4b87747ae0f65add5a6daf,
        type: 3}
      propertyPath: m_LocalScale.x
      value: 52
      objectReference: {fileID: 0}
    - target: {fileID: 6995191432218137472, guid: 928f870d6c4b87747ae0f65add5a6daf,
        type: 3}
      propertyPath: m_LocalScale.y
      value: 52
      objectReference: {fileID: 0}
    - target: {fileID: 6995191432218137472, guid: 928f870d6c4b87747ae0f65add5a6daf,
        type: 3}
      propertyPath: m_LocalScale.z
      value: 52
      objectReference: {fileID: 0}
    - target: {fileID: 6995191432218137472, guid: 928f870d6c4b87747ae0f65add5a6daf,
        type: 3}
      propertyPath: m_LocalRotation.y
      value: -0.7071068
      objectReference: {fileID: 0}
    - target: {fileID: 6995191432218137472, guid: 928f870d6c4b87747ae0f65add5a6daf,
        type: 3}
      propertyPath: m_LocalRotation.w
      value: 0.7071068
      objectReference: {fileID: 0}
    - target: {fileID: 6995191432218137472, guid: 928f870d6c4b87747ae0f65add5a6daf,
        type: 3}
      propertyPath: m_LocalEulerAnglesHint.y
      value: -90
      objectReference: {fileID: 0}
    - target: {fileID: 3866944566455774197, guid: 928f870d6c4b87747ae0f65add5a6daf,
        type: 3}
      propertyPath: myMeshes
      value: 
      objectReference: {fileID: 504470706626329377}
    - target: {fileID: 6995191432215712096, guid: 928f870d6c4b87747ae0f65add5a6daf,
        type: 3}
      propertyPath: m_Materials.Array.data[0]
      value: 
      objectReference: {fileID: 2100000, guid: ed5c4168ef91b5f4a8500a806b92e6f4, type: 2}
    - target: {fileID: 6995191432215712098, guid: 928f870d6c4b87747ae0f65add5a6daf,
        type: 3}
      propertyPath: m_Materials.Array.data[0]
      value: 
      objectReference: {fileID: 2100000, guid: 8a0f7ca97c0e53547a6795d99b59c37f, type: 2}
    - target: {fileID: 6995191432215712100, guid: 928f870d6c4b87747ae0f65add5a6daf,
        type: 3}
      propertyPath: m_Materials.Array.data[0]
      value: 
      objectReference: {fileID: 2100000, guid: 8a0f7ca97c0e53547a6795d99b59c37f, type: 2}
    - target: {fileID: 6995191432215712102, guid: 928f870d6c4b87747ae0f65add5a6daf,
        type: 3}
      propertyPath: m_Materials.Array.data[0]
      value: 
      objectReference: {fileID: 2100000, guid: 8a0f7ca97c0e53547a6795d99b59c37f, type: 2}
    - target: {fileID: 6995191432215712104, guid: 928f870d6c4b87747ae0f65add5a6daf,
        type: 3}
      propertyPath: m_Materials.Array.data[0]
      value: 
      objectReference: {fileID: 2100000, guid: ed5c4168ef91b5f4a8500a806b92e6f4, type: 2}
    m_RemovedComponents: []
  m_SourcePrefab: {fileID: 100100000, guid: 928f870d6c4b87747ae0f65add5a6daf, type: 3}
--- !u!1 &7356107264747358251 stripped
GameObject:
  m_CorrespondingSourceObject: {fileID: 1671746458680490, guid: 928f870d6c4b87747ae0f65add5a6daf,
    type: 3}
  m_PrefabInstance: {fileID: 7355456696191104129}
  m_PrefabAsset: {fileID: 0}
--- !u!4 &7357989465803851801 stripped
Transform:
  m_CorrespondingSourceObject: {fileID: 4222724393352344, guid: 928f870d6c4b87747ae0f65add5a6daf,
    type: 3}
  m_PrefabInstance: {fileID: 7355456696191104129}
  m_PrefabAsset: {fileID: 0}
--- !u!1 &504470706626329377 stripped
GameObject:
  m_CorrespondingSourceObject: {fileID: 6995191432217644960, guid: 928f870d6c4b87747ae0f65add5a6daf,
    type: 3}
  m_PrefabInstance: {fileID: 7355456696191104129}
  m_PrefabAsset: {fileID: 0}
