%YAML 1.1
%TAG !u! tag:unity3d.com,2011:
--- !u!29 &1
OcclusionCullingSettings:
  m_ObjectHideFlags: 0
  serializedVersion: 2
  m_OcclusionBakeSettings:
    smallestOccluder: 5
    smallestHole: 0.25
    backfaceThreshold: 100
  m_SceneGUID: 00000000000000000000000000000000
  m_OcclusionCullingData: {fileID: 0}
--- !u!104 &2
RenderSettings:
  m_ObjectHideFlags: 0
  serializedVersion: 9
  m_Fog: 0
  m_FogColor: {r: 0.5, g: 0.5, b: 0.5, a: 1}
  m_FogMode: 3
  m_FogDensity: 0.01
  m_LinearFogStart: 0
  m_LinearFogEnd: 300
  m_AmbientSkyColor: {r: 0.212, g: 0.227, b: 0.259, a: 1}
  m_AmbientEquatorColor: {r: 0.114, g: 0.125, b: 0.133, a: 1}
  m_AmbientGroundColor: {r: 0.047, g: 0.043, b: 0.035, a: 1}
  m_AmbientIntensity: 1
  m_AmbientMode: 0
  m_SubtractiveShadowColor: {r: 0.42, g: 0.478, b: 0.627, a: 1}
  m_SkyboxMaterial: {fileID: 10304, guid: 0000000000000000f000000000000000, type: 0}
  m_HaloStrength: 0.5
  m_FlareStrength: 1
  m_FlareFadeSpeed: 3
  m_HaloTexture: {fileID: 0}
  m_SpotCookie: {fileID: 10001, guid: 0000000000000000e000000000000000, type: 0}
  m_DefaultReflectionMode: 0
  m_DefaultReflectionResolution: 128
  m_ReflectionBounces: 1
  m_ReflectionIntensity: 1
  m_CustomReflection: {fileID: 0}
  m_Sun: {fileID: 0}
  m_IndirectSpecularColor: {r: 0.44657844, g: 0.49641222, b: 0.57481694, a: 1}
  m_UseRadianceAmbientProbe: 0
--- !u!157 &3
LightmapSettings:
  m_ObjectHideFlags: 0
  serializedVersion: 11
  m_GIWorkflowMode: 0
  m_GISettings:
    serializedVersion: 2
    m_BounceScale: 1
    m_IndirectOutputScale: 1
    m_AlbedoBoost: 1
    m_EnvironmentLightingMode: 0
    m_EnableBakedLightmaps: 1
    m_EnableRealtimeLightmaps: 1
  m_LightmapEditorSettings:
    serializedVersion: 10
    m_Resolution: 2
    m_BakeResolution: 40
    m_AtlasSize: 1024
    m_AO: 0
    m_AOMaxDistance: 1
    m_CompAOExponent: 1
    m_CompAOExponentDirect: 0
    m_Padding: 2
    m_LightmapParameters: {fileID: 0}
    m_LightmapsBakeMode: 1
    m_TextureCompression: 1
    m_FinalGather: 0
    m_FinalGatherFiltering: 1
    m_FinalGatherRayCount: 256
    m_ReflectionCompression: 2
    m_MixedBakeMode: 2
    m_BakeBackend: 1
    m_PVRSampling: 1
    m_PVRDirectSampleCount: 32
    m_PVRSampleCount: 500
    m_PVRBounces: 2
    m_PVRFilterTypeDirect: 0
    m_PVRFilterTypeIndirect: 0
    m_PVRFilterTypeAO: 0
    m_PVRFilteringMode: 1
    m_PVRCulling: 1
    m_PVRFilteringGaussRadiusDirect: 1
    m_PVRFilteringGaussRadiusIndirect: 5
    m_PVRFilteringGaussRadiusAO: 2
    m_PVRFilteringAtrousPositionSigmaDirect: 0.5
    m_PVRFilteringAtrousPositionSigmaIndirect: 2
    m_PVRFilteringAtrousPositionSigmaAO: 1
    m_ShowResolutionOverlay: 1
  m_LightingDataAsset: {fileID: 0}
  m_UseShadowmask: 1
--- !u!196 &4
NavMeshSettings:
  serializedVersion: 2
  m_ObjectHideFlags: 0
  m_BuildSettings:
    serializedVersion: 2
    agentTypeID: 0
    agentRadius: 0.5
    agentHeight: 2
    agentSlope: 45
    agentClimb: 0.4
    ledgeDropHeight: 0
    maxJumpAcrossDistance: 0
    minRegionArea: 2
    manualCellSize: 0
    cellSize: 0.16666667
    manualTileSize: 0
    tileSize: 256
    accuratePlacement: 0
    debug:
      m_Flags: 0
  m_NavMeshData: {fileID: 0}
--- !u!1001 &56688249
PrefabInstance:
  m_ObjectHideFlags: 0
  serializedVersion: 2
  m_Modification:
    m_TransformParent: {fileID: 0}
    m_Modifications:
    - target: {fileID: 1056707410144066449, guid: aed9f4560bb725d46b828e3f14a4b301,
        type: 3}
      propertyPath: m_Name
      value: 3DPlayer 2
      objectReference: {fileID: 0}
    - target: {fileID: 1061001091999675539, guid: aed9f4560bb725d46b828e3f14a4b301,
        type: 3}
      propertyPath: m_LocalPosition.x
      value: 4
      objectReference: {fileID: 0}
    - target: {fileID: 1061001091999675539, guid: aed9f4560bb725d46b828e3f14a4b301,
        type: 3}
      propertyPath: m_LocalPosition.y
      value: 0
      objectReference: {fileID: 0}
    - target: {fileID: 1061001091999675539, guid: aed9f4560bb725d46b828e3f14a4b301,
        type: 3}
      propertyPath: m_LocalPosition.z
      value: 0
      objectReference: {fileID: 0}
    - target: {fileID: 1061001091999675539, guid: aed9f4560bb725d46b828e3f14a4b301,
        type: 3}
      propertyPath: m_LocalRotation.x
      value: 0
      objectReference: {fileID: 0}
    - target: {fileID: 1061001091999675539, guid: aed9f4560bb725d46b828e3f14a4b301,
        type: 3}
      propertyPath: m_LocalRotation.y
      value: 0
      objectReference: {fileID: 0}
    - target: {fileID: 1061001091999675539, guid: aed9f4560bb725d46b828e3f14a4b301,
        type: 3}
      propertyPath: m_LocalRotation.z
      value: 0
      objectReference: {fileID: 0}
    - target: {fileID: 1061001091999675539, guid: aed9f4560bb725d46b828e3f14a4b301,
        type: 3}
      propertyPath: m_LocalRotation.w
      value: 1
      objectReference: {fileID: 0}
    - target: {fileID: 1061001091999675539, guid: aed9f4560bb725d46b828e3f14a4b301,
        type: 3}
      propertyPath: m_RootOrder
      value: 3
      objectReference: {fileID: 0}
    - target: {fileID: 1061001091999675539, guid: aed9f4560bb725d46b828e3f14a4b301,
        type: 3}
      propertyPath: m_LocalEulerAnglesHint.x
      value: 0
      objectReference: {fileID: 0}
    - target: {fileID: 1061001091999675539, guid: aed9f4560bb725d46b828e3f14a4b301,
        type: 3}
      propertyPath: m_LocalEulerAnglesHint.y
      value: 0
      objectReference: {fileID: 0}
    - target: {fileID: 1061001091999675539, guid: aed9f4560bb725d46b828e3f14a4b301,
        type: 3}
      propertyPath: m_LocalEulerAnglesHint.z
      value: 0
      objectReference: {fileID: 0}
    - target: {fileID: 1098455074564721023, guid: aed9f4560bb725d46b828e3f14a4b301,
        type: 3}
      propertyPath: playerNumber
      value: 2
      objectReference: {fileID: 0}
    - target: {fileID: 1098420834933769419, guid: aed9f4560bb725d46b828e3f14a4b301,
        type: 3}
      propertyPath: playerNumber
      value: 2
      objectReference: {fileID: 0}
    - target: {fileID: 1098420834933769419, guid: aed9f4560bb725d46b828e3f14a4b301,
        type: 3}
      propertyPath: heart
      value: 
      objectReference: {fileID: 1838849252}
    - target: {fileID: 1098420834933769419, guid: aed9f4560bb725d46b828e3f14a4b301,
        type: 3}
      propertyPath: repulse
      value: 0
      objectReference: {fileID: 0}
    - target: {fileID: 7956079804632169963, guid: aed9f4560bb725d46b828e3f14a4b301,
        type: 3}
      propertyPath: heart
      value: 
      objectReference: {fileID: 1838849252}
    - target: {fileID: 7956079804632169963, guid: aed9f4560bb725d46b828e3f14a4b301,
        type: 3}
      propertyPath: PlayerNumber
      value: 2
      objectReference: {fileID: 0}
    - target: {fileID: 3944177084035495714, guid: aed9f4560bb725d46b828e3f14a4b301,
        type: 3}
      propertyPath: heart
      value: 
      objectReference: {fileID: 1928468024}
    - target: {fileID: 3944177084035495714, guid: aed9f4560bb725d46b828e3f14a4b301,
        type: 3}
      propertyPath: spawnHeart
      value: 
      objectReference: {fileID: 1838849252}
    - target: {fileID: 3944177084035495714, guid: aed9f4560bb725d46b828e3f14a4b301,
        type: 3}
      propertyPath: moveHeart
      value: 
      objectReference: {fileID: 1928468024}
    - target: {fileID: 3944177084035495714, guid: aed9f4560bb725d46b828e3f14a4b301,
        type: 3}
      propertyPath: scriptableReference
      value: 
      objectReference: {fileID: 11400000, guid: 77060b0c10e08dd45b762ba3a365a5ec,
        type: 2}
    - target: {fileID: 7574717608330092046, guid: aed9f4560bb725d46b828e3f14a4b301,
        type: 3}
      propertyPath: PlayerNumber
      value: 2
      objectReference: {fileID: 0}
    m_RemovedComponents: []
  m_SourcePrefab: {fileID: 100100000, guid: aed9f4560bb725d46b828e3f14a4b301, type: 3}
--- !u!1 &757157807
GameObject:
  m_ObjectHideFlags: 0
  m_CorrespondingSourceObject: {fileID: 0}
  m_PrefabInstance: {fileID: 0}
  m_PrefabAsset: {fileID: 0}
  serializedVersion: 6
  m_Component:
  - component: {fileID: 757157810}
  - component: {fileID: 757157809}
  - component: {fileID: 757157808}
  m_Layer: 0
  m_Name: Main Camera
  m_TagString: MainCamera
  m_Icon: {fileID: 0}
  m_NavMeshLayer: 0
  m_StaticEditorFlags: 0
  m_IsActive: 1
--- !u!81 &757157808
AudioListener:
  m_ObjectHideFlags: 0
  m_CorrespondingSourceObject: {fileID: 0}
  m_PrefabInstance: {fileID: 0}
  m_PrefabAsset: {fileID: 0}
  m_GameObject: {fileID: 757157807}
  m_Enabled: 1
--- !u!20 &757157809
Camera:
  m_ObjectHideFlags: 0
  m_CorrespondingSourceObject: {fileID: 0}
  m_PrefabInstance: {fileID: 0}
  m_PrefabAsset: {fileID: 0}
  m_GameObject: {fileID: 757157807}
  m_Enabled: 1
  serializedVersion: 2
  m_ClearFlags: 1
  m_BackGroundColor: {r: 0.19215687, g: 0.3019608, b: 0.4745098, a: 0}
  m_projectionMatrixMode: 1
  m_SensorSize: {x: 36, y: 24}
  m_LensShift: {x: 0, y: 0}
  m_GateFitMode: 2
  m_FocalLength: 50
  m_NormalizedViewPortRect:
    serializedVersion: 2
    x: 0
    y: 0
    width: 1
    height: 1
  near clip plane: 0.3
  far clip plane: 1000
  field of view: 60
  orthographic: 0
  orthographic size: 5
  m_Depth: -1
  m_CullingMask:
    serializedVersion: 2
    m_Bits: 4294967295
  m_RenderingPath: -1
  m_TargetTexture: {fileID: 0}
  m_TargetDisplay: 0
  m_TargetEye: 3
  m_HDR: 1
  m_AllowMSAA: 1
  m_AllowDynamicResolution: 0
  m_ForceIntoRT: 0
  m_OcclusionCulling: 1
  m_StereoConvergence: 10
  m_StereoSeparation: 0.022
--- !u!4 &757157810
Transform:
  m_ObjectHideFlags: 0
  m_CorrespondingSourceObject: {fileID: 0}
  m_PrefabInstance: {fileID: 0}
  m_PrefabAsset: {fileID: 0}
  m_GameObject: {fileID: 757157807}
  m_LocalRotation: {x: 0, y: 0, z: 0, w: 1}
  m_LocalPosition: {x: 0, y: 1, z: -10}
  m_LocalScale: {x: 1, y: 1, z: 1}
  m_Children:
  - {fileID: 923416973}
  m_Father: {fileID: 0}
  m_RootOrder: 0
  m_LocalEulerAnglesHint: {x: 0, y: 0, z: 0}
--- !u!1 &923416972
GameObject:
  m_ObjectHideFlags: 0
  m_CorrespondingSourceObject: {fileID: 0}
  m_PrefabInstance: {fileID: 0}
  m_PrefabAsset: {fileID: 0}
  serializedVersion: 6
  m_Component:
  - component: {fileID: 923416973}
  - component: {fileID: 923416975}
  - component: {fileID: 923416974}
  m_Layer: 0
  m_Name: Camera
  m_TagString: Untagged
  m_Icon: {fileID: 0}
  m_NavMeshLayer: 0
  m_StaticEditorFlags: 0
  m_IsActive: 1
--- !u!4 &923416973
Transform:
  m_ObjectHideFlags: 0
  m_CorrespondingSourceObject: {fileID: 0}
  m_PrefabInstance: {fileID: 0}
  m_PrefabAsset: {fileID: 0}
  m_GameObject: {fileID: 923416972}
  m_LocalRotation: {x: 0, y: 0, z: 0, w: 1}
  m_LocalPosition: {x: 0, y: 0, z: 0}
  m_LocalScale: {x: 1, y: 1, z: 1}
  m_Children: []
  m_Father: {fileID: 757157810}
  m_RootOrder: 0
  m_LocalEulerAnglesHint: {x: 0, y: 0, z: 0}
--- !u!81 &923416974
AudioListener:
  m_ObjectHideFlags: 0
  m_CorrespondingSourceObject: {fileID: 0}
  m_PrefabInstance: {fileID: 0}
  m_PrefabAsset: {fileID: 0}
  m_GameObject: {fileID: 923416972}
  m_Enabled: 1
--- !u!20 &923416975
Camera:
  m_ObjectHideFlags: 0
  m_CorrespondingSourceObject: {fileID: 0}
  m_PrefabInstance: {fileID: 0}
  m_PrefabAsset: {fileID: 0}
  m_GameObject: {fileID: 923416972}
  m_Enabled: 1
  serializedVersion: 2
  m_ClearFlags: 3
  m_BackGroundColor: {r: 0.19215687, g: 0.3019608, b: 0.4745098, a: 0}
  m_projectionMatrixMode: 1
  m_SensorSize: {x: 36, y: 24}
  m_LensShift: {x: 0, y: 0}
  m_GateFitMode: 2
  m_FocalLength: 50
  m_NormalizedViewPortRect:
    serializedVersion: 2
    x: 0
    y: 0
    width: 1
    height: 1
  near clip plane: 0.3
  far clip plane: 1000
  field of view: 60
  orthographic: 0
  orthographic size: 5
  m_Depth: 0
  m_CullingMask:
    serializedVersion: 2
    m_Bits: 256
  m_RenderingPath: -1
  m_TargetTexture: {fileID: 0}
  m_TargetDisplay: 0
  m_TargetEye: 3
  m_HDR: 1
  m_AllowMSAA: 1
  m_AllowDynamicResolution: 0
  m_ForceIntoRT: 0
  m_OcclusionCulling: 1
  m_StereoConvergence: 10
  m_StereoSeparation: 0.022
--- !u!1001 &1014901357
PrefabInstance:
  m_ObjectHideFlags: 0
  serializedVersion: 2
  m_Modification:
    m_TransformParent: {fileID: 0}
    m_Modifications:
    - target: {fileID: 1671746458680490, guid: b5a49074289255d4792d30b173e8c2eb, type: 3}
      propertyPath: m_Name
      value: HeartCube 1
      objectReference: {fileID: 0}
    - target: {fileID: 4222724393352344, guid: b5a49074289255d4792d30b173e8c2eb, type: 3}
      propertyPath: m_LocalPosition.x
      value: 2
      objectReference: {fileID: 0}
    - target: {fileID: 4222724393352344, guid: b5a49074289255d4792d30b173e8c2eb, type: 3}
      propertyPath: m_LocalPosition.y
      value: 0
      objectReference: {fileID: 0}
    - target: {fileID: 4222724393352344, guid: b5a49074289255d4792d30b173e8c2eb, type: 3}
      propertyPath: m_LocalPosition.z
      value: 0
      objectReference: {fileID: 0}
    - target: {fileID: 4222724393352344, guid: b5a49074289255d4792d30b173e8c2eb, type: 3}
      propertyPath: m_LocalRotation.x
      value: -0
      objectReference: {fileID: 0}
    - target: {fileID: 4222724393352344, guid: b5a49074289255d4792d30b173e8c2eb, type: 3}
      propertyPath: m_LocalRotation.y
      value: -0
      objectReference: {fileID: 0}
    - target: {fileID: 4222724393352344, guid: b5a49074289255d4792d30b173e8c2eb, type: 3}
      propertyPath: m_LocalRotation.z
      value: -0
      objectReference: {fileID: 0}
    - target: {fileID: 4222724393352344, guid: b5a49074289255d4792d30b173e8c2eb, type: 3}
      propertyPath: m_LocalRotation.w
      value: 1
      objectReference: {fileID: 0}
    - target: {fileID: 4222724393352344, guid: b5a49074289255d4792d30b173e8c2eb, type: 3}
      propertyPath: m_RootOrder
      value: 2
      objectReference: {fileID: 0}
    - target: {fileID: 4222724393352344, guid: b5a49074289255d4792d30b173e8c2eb, type: 3}
      propertyPath: m_LocalEulerAnglesHint.x
      value: 0
      objectReference: {fileID: 0}
    - target: {fileID: 4222724393352344, guid: b5a49074289255d4792d30b173e8c2eb, type: 3}
      propertyPath: m_LocalEulerAnglesHint.y
      value: 0
      objectReference: {fileID: 0}
    - target: {fileID: 4222724393352344, guid: b5a49074289255d4792d30b173e8c2eb, type: 3}
      propertyPath: m_LocalEulerAnglesHint.z
      value: 0
      objectReference: {fileID: 0}
    - target: {fileID: 4222724393352344, guid: b5a49074289255d4792d30b173e8c2eb, type: 3}
      propertyPath: m_LocalScale.x
      value: 0.2
      objectReference: {fileID: 0}
    - target: {fileID: 4222724393352344, guid: b5a49074289255d4792d30b173e8c2eb, type: 3}
      propertyPath: m_LocalScale.y
      value: 1
      objectReference: {fileID: 0}
    m_RemovedComponents: []
  m_SourcePrefab: {fileID: 100100000, guid: b5a49074289255d4792d30b173e8c2eb, type: 3}
--- !u!1 &1302965714
GameObject:
  m_ObjectHideFlags: 0
  m_CorrespondingSourceObject: {fileID: 0}
  m_PrefabInstance: {fileID: 0}
  m_PrefabAsset: {fileID: 0}
  serializedVersion: 6
  m_Component:
  - component: {fileID: 1302965716}
  - component: {fileID: 1302965715}
  m_Layer: 0
  m_Name: Directional Light
  m_TagString: Untagged
  m_Icon: {fileID: 0}
  m_NavMeshLayer: 0
  m_StaticEditorFlags: 0
  m_IsActive: 1
--- !u!108 &1302965715
Light:
  m_ObjectHideFlags: 0
  m_CorrespondingSourceObject: {fileID: 0}
  m_PrefabInstance: {fileID: 0}
  m_PrefabAsset: {fileID: 0}
  m_GameObject: {fileID: 1302965714}
  m_Enabled: 1
  serializedVersion: 8
  m_Type: 1
  m_Color: {r: 1, g: 0.95686275, b: 0.8392157, a: 1}
  m_Intensity: 1
  m_Range: 10
  m_SpotAngle: 30
  m_CookieSize: 10
  m_Shadows:
    m_Type: 2
    m_Resolution: -1
    m_CustomResolution: -1
    m_Strength: 1
    m_Bias: 0.05
    m_NormalBias: 0.4
    m_NearPlane: 0.2
  m_Cookie: {fileID: 0}
  m_DrawHalo: 0
  m_Flare: {fileID: 0}
  m_RenderMode: 0
  m_CullingMask:
    serializedVersion: 2
    m_Bits: 4294967295
  m_Lightmapping: 4
  m_LightShadowCasterMode: 0
  m_AreaSize: {x: 1, y: 1}
  m_BounceIntensity: 1
  m_ColorTemperature: 6570
  m_UseColorTemperature: 0
  m_ShadowRadius: 0
  m_ShadowAngle: 0
--- !u!4 &1302965716
Transform:
  m_ObjectHideFlags: 0
  m_CorrespondingSourceObject: {fileID: 0}
  m_PrefabInstance: {fileID: 0}
  m_PrefabAsset: {fileID: 0}
  m_GameObject: {fileID: 1302965714}
  m_LocalRotation: {x: 0.40821788, y: -0.23456968, z: 0.10938163, w: 0.8754261}
  m_LocalPosition: {x: 0, y: 3, z: 0}
  m_LocalScale: {x: 1, y: 1, z: 1}
  m_Children: []
  m_Father: {fileID: 0}
  m_RootOrder: 6
  m_LocalEulerAnglesHint: {x: 50, y: -30, z: 0}
--- !u!1001 &1449540611
PrefabInstance:
  m_ObjectHideFlags: 0
  serializedVersion: 2
  m_Modification:
    m_TransformParent: {fileID: 0}
    m_Modifications:
    - target: {fileID: 1671746458680490, guid: b5a49074289255d4792d30b173e8c2eb, type: 3}
      propertyPath: m_Name
      value: HeartCube 2
      objectReference: {fileID: 0}
    - target: {fileID: 4222724393352344, guid: b5a49074289255d4792d30b173e8c2eb, type: 3}
      propertyPath: m_LocalPosition.x
      value: 5.621
      objectReference: {fileID: 0}
    - target: {fileID: 4222724393352344, guid: b5a49074289255d4792d30b173e8c2eb, type: 3}
      propertyPath: m_LocalPosition.y
      value: 1.151
      objectReference: {fileID: 0}
    - target: {fileID: 4222724393352344, guid: b5a49074289255d4792d30b173e8c2eb, type: 3}
      propertyPath: m_LocalPosition.z
      value: 0.04
      objectReference: {fileID: 0}
    - target: {fileID: 4222724393352344, guid: b5a49074289255d4792d30b173e8c2eb, type: 3}
      propertyPath: m_LocalRotation.x
      value: -0
      objectReference: {fileID: 0}
    - target: {fileID: 4222724393352344, guid: b5a49074289255d4792d30b173e8c2eb, type: 3}
      propertyPath: m_LocalRotation.y
      value: -0
      objectReference: {fileID: 0}
    - target: {fileID: 4222724393352344, guid: b5a49074289255d4792d30b173e8c2eb, type: 3}
      propertyPath: m_LocalRotation.z
      value: -0
      objectReference: {fileID: 0}
    - target: {fileID: 4222724393352344, guid: b5a49074289255d4792d30b173e8c2eb, type: 3}
      propertyPath: m_LocalRotation.w
      value: 1
      objectReference: {fileID: 0}
    - target: {fileID: 4222724393352344, guid: b5a49074289255d4792d30b173e8c2eb, type: 3}
      propertyPath: m_RootOrder
      value: 1
      objectReference: {fileID: 0}
    - target: {fileID: 4222724393352344, guid: b5a49074289255d4792d30b173e8c2eb, type: 3}
      propertyPath: m_LocalEulerAnglesHint.x
      value: 0
      objectReference: {fileID: 0}
    - target: {fileID: 4222724393352344, guid: b5a49074289255d4792d30b173e8c2eb, type: 3}
      propertyPath: m_LocalEulerAnglesHint.y
      value: 0
      objectReference: {fileID: 0}
    - target: {fileID: 4222724393352344, guid: b5a49074289255d4792d30b173e8c2eb, type: 3}
      propertyPath: m_LocalEulerAnglesHint.z
      value: 0
      objectReference: {fileID: 0}
    - target: {fileID: 4222724393352344, guid: b5a49074289255d4792d30b173e8c2eb, type: 3}
      propertyPath: m_LocalScale.x
      value: 1
      objectReference: {fileID: 0}
    - target: {fileID: 4222724393352344, guid: b5a49074289255d4792d30b173e8c2eb, type: 3}
      propertyPath: m_LocalScale.y
      value: 1
      objectReference: {fileID: 0}
    - target: {fileID: 4222724393352344, guid: b5a49074289255d4792d30b173e8c2eb, type: 3}
      propertyPath: m_LocalScale.z
      value: 1
      objectReference: {fileID: 0}
    m_RemovedComponents: []
  m_SourcePrefab: {fileID: 100100000, guid: b5a49074289255d4792d30b173e8c2eb, type: 3}
--- !u!1 &1790736153
GameObject:
  m_ObjectHideFlags: 0
  m_CorrespondingSourceObject: {fileID: 0}
  m_PrefabInstance: {fileID: 0}
  m_PrefabAsset: {fileID: 0}
  serializedVersion: 6
  m_Component:
  - component: {fileID: 1790736155}
  - component: {fileID: 1790736154}
  m_Layer: 0
  m_Name: GameObject
  m_TagString: Untagged
  m_Icon: {fileID: 0}
  m_NavMeshLayer: 0
  m_StaticEditorFlags: 0
  m_IsActive: 1
--- !u!114 &1790736154
MonoBehaviour:
  m_ObjectHideFlags: 0
  m_CorrespondingSourceObject: {fileID: 0}
  m_PrefabInstance: {fileID: 0}
  m_PrefabAsset: {fileID: 0}
  m_GameObject: {fileID: 1790736153}
  m_Enabled: 1
  m_EditorHideFlags: 0
  m_Script: {fileID: 11500000, guid: 07a9d73fb1f799a4ca0849a10d3dfa4d, type: 3}
  m_Name: 
  m_EditorClassIdentifier: 
--- !u!4 &1790736155
Transform:
  m_ObjectHideFlags: 0
  m_CorrespondingSourceObject: {fileID: 0}
  m_PrefabInstance: {fileID: 0}
  m_PrefabAsset: {fileID: 0}
  m_GameObject: {fileID: 1790736153}
  m_LocalRotation: {x: 0, y: 0, z: 0, w: 1}
  m_LocalPosition: {x: 0.16263393, y: -3.051278, z: 63.564556}
  m_LocalScale: {x: 1, y: 1, z: 1}
  m_Children: []
  m_Father: {fileID: 0}
  m_RootOrder: 8
  m_LocalEulerAnglesHint: {x: 0, y: 0, z: 0}
--- !u!1001 &1814385629
PrefabInstance:
  m_ObjectHideFlags: 0
  serializedVersion: 2
  m_Modification:
    m_TransformParent: {fileID: 0}
    m_Modifications:
    - target: {fileID: 2274876595487070198, guid: 0a0af672e980bf74ba181949ed3b6420,
        type: 3}
      propertyPath: m_Name
      value: EnvironmentTest
      objectReference: {fileID: 0}
    - target: {fileID: 2274876595487070199, guid: 0a0af672e980bf74ba181949ed3b6420,
        type: 3}
      propertyPath: m_LocalPosition.x
      value: 0
      objectReference: {fileID: 0}
    - target: {fileID: 2274876595487070199, guid: 0a0af672e980bf74ba181949ed3b6420,
        type: 3}
      propertyPath: m_LocalPosition.y
      value: 0
      objectReference: {fileID: 0}
    - target: {fileID: 2274876595487070199, guid: 0a0af672e980bf74ba181949ed3b6420,
        type: 3}
      propertyPath: m_LocalPosition.z
      value: 0
      objectReference: {fileID: 0}
    - target: {fileID: 2274876595487070199, guid: 0a0af672e980bf74ba181949ed3b6420,
        type: 3}
      propertyPath: m_LocalRotation.x
      value: 0
      objectReference: {fileID: 0}
    - target: {fileID: 2274876595487070199, guid: 0a0af672e980bf74ba181949ed3b6420,
        type: 3}
      propertyPath: m_LocalRotation.y
      value: 0
      objectReference: {fileID: 0}
    - target: {fileID: 2274876595487070199, guid: 0a0af672e980bf74ba181949ed3b6420,
        type: 3}
      propertyPath: m_LocalRotation.z
      value: 0
      objectReference: {fileID: 0}
    - target: {fileID: 2274876595487070199, guid: 0a0af672e980bf74ba181949ed3b6420,
        type: 3}
      propertyPath: m_LocalRotation.w
      value: 1
      objectReference: {fileID: 0}
    - target: {fileID: 2274876595487070199, guid: 0a0af672e980bf74ba181949ed3b6420,
        type: 3}
      propertyPath: m_RootOrder
      value: 5
      objectReference: {fileID: 0}
    - target: {fileID: 2274876595487070199, guid: 0a0af672e980bf74ba181949ed3b6420,
        type: 3}
      propertyPath: m_LocalEulerAnglesHint.x
      value: 0
      objectReference: {fileID: 0}
    - target: {fileID: 2274876595487070199, guid: 0a0af672e980bf74ba181949ed3b6420,
        type: 3}
      propertyPath: m_LocalEulerAnglesHint.y
      value: 0
      objectReference: {fileID: 0}
    - target: {fileID: 2274876595487070199, guid: 0a0af672e980bf74ba181949ed3b6420,
        type: 3}
      propertyPath: m_LocalEulerAnglesHint.z
      value: 0
      objectReference: {fileID: 0}
    m_RemovedComponents: []
  m_SourcePrefab: {fileID: 100100000, guid: 0a0af672e980bf74ba181949ed3b6420, type: 3}
--- !u!1 &1838849252 stripped
GameObject:
  m_CorrespondingSourceObject: {fileID: 1671746458680490, guid: b5a49074289255d4792d30b173e8c2eb,
    type: 3}
  m_PrefabInstance: {fileID: 1449540611}
  m_PrefabAsset: {fileID: 0}
--- !u!1 &1928468024 stripped
GameObject:
  m_CorrespondingSourceObject: {fileID: 1671746458680490, guid: b5a49074289255d4792d30b173e8c2eb,
    type: 3}
  m_PrefabInstance: {fileID: 1014901357}
  m_PrefabAsset: {fileID: 0}
--- !u!1001 &429458388232169565
PrefabInstance:
  m_ObjectHideFlags: 0
  serializedVersion: 2
  m_Modification:
    m_TransformParent: {fileID: 0}
    m_Modifications:
    - target: {fileID: 1056707410144066449, guid: aed9f4560bb725d46b828e3f14a4b301,
        type: 3}
      propertyPath: m_Name
      value: 3DPlayer 1
      objectReference: {fileID: 0}
    - target: {fileID: 1061001091999675539, guid: aed9f4560bb725d46b828e3f14a4b301,
        type: 3}
      propertyPath: m_LocalPosition.x
      value: 0
      objectReference: {fileID: 0}
    - target: {fileID: 1061001091999675539, guid: aed9f4560bb725d46b828e3f14a4b301,
        type: 3}
      propertyPath: m_LocalPosition.y
      value: 0
      objectReference: {fileID: 0}
    - target: {fileID: 1061001091999675539, guid: aed9f4560bb725d46b828e3f14a4b301,
        type: 3}
      propertyPath: m_LocalPosition.z
      value: 0
      objectReference: {fileID: 0}
    - target: {fileID: 1061001091999675539, guid: aed9f4560bb725d46b828e3f14a4b301,
        type: 3}
      propertyPath: m_LocalRotation.x
      value: 0
      objectReference: {fileID: 0}
    - target: {fileID: 1061001091999675539, guid: aed9f4560bb725d46b828e3f14a4b301,
        type: 3}
      propertyPath: m_LocalRotation.y
      value: 0
      objectReference: {fileID: 0}
    - target: {fileID: 1061001091999675539, guid: aed9f4560bb725d46b828e3f14a4b301,
        type: 3}
      propertyPath: m_LocalRotation.z
      value: 0
      objectReference: {fileID: 0}
    - target: {fileID: 1061001091999675539, guid: aed9f4560bb725d46b828e3f14a4b301,
        type: 3}
      propertyPath: m_LocalRotation.w
      value: 1
      objectReference: {fileID: 0}
    - target: {fileID: 1061001091999675539, guid: aed9f4560bb725d46b828e3f14a4b301,
        type: 3}
      propertyPath: m_RootOrder
      value: 4
      objectReference: {fileID: 0}
    - target: {fileID: 1061001091999675539, guid: aed9f4560bb725d46b828e3f14a4b301,
        type: 3}
      propertyPath: m_LocalEulerAnglesHint.x
      value: 0
      objectReference: {fileID: 0}
    - target: {fileID: 1061001091999675539, guid: aed9f4560bb725d46b828e3f14a4b301,
        type: 3}
      propertyPath: m_LocalEulerAnglesHint.y
      value: 0
      objectReference: {fileID: 0}
    - target: {fileID: 1061001091999675539, guid: aed9f4560bb725d46b828e3f14a4b301,
        type: 3}
      propertyPath: m_LocalEulerAnglesHint.z
      value: 0
      objectReference: {fileID: 0}
    - target: {fileID: 1098420834933769419, guid: aed9f4560bb725d46b828e3f14a4b301,
        type: 3}
      propertyPath: heart
      value: 
      objectReference: {fileID: 1928468024}
    - target: {fileID: 7956079804632169963, guid: aed9f4560bb725d46b828e3f14a4b301,
        type: 3}
      propertyPath: heart
      value: 
      objectReference: {fileID: 1928468024}
    - target: {fileID: 7956079804632169963, guid: aed9f4560bb725d46b828e3f14a4b301,
        type: 3}
      propertyPath: PlayerNumber
      value: 1
      objectReference: {fileID: 0}
    - target: {fileID: 3944177084035495714, guid: aed9f4560bb725d46b828e3f14a4b301,
        type: 3}
      propertyPath: heart
      value: 
      objectReference: {fileID: 1838849252}
    - target: {fileID: 3944177084035495714, guid: aed9f4560bb725d46b828e3f14a4b301,
        type: 3}
      propertyPath: scriptableReference
      value: 
      objectReference: {fileID: 11400000, guid: 243d10dbe28bbc142ba0e10945f745e0,
        type: 2}
    - target: {fileID: 3944177084035495714, guid: aed9f4560bb725d46b828e3f14a4b301,
        type: 3}
      propertyPath: moveHeart
      value: 
      objectReference: {fileID: 1838849252}
    - target: {fileID: 3944177084035495714, guid: aed9f4560bb725d46b828e3f14a4b301,
        type: 3}
      propertyPath: spawnHeart
      value: 
      objectReference: {fileID: 1928468024}
    - target: {fileID: 5578019627381387621, guid: aed9f4560bb725d46b828e3f14a4b301,
        type: 3}
      propertyPath: m_Enabled
      value: 1
      objectReference: {fileID: 0}
    m_RemovedComponents:
    - {fileID: 1098455074564721023, guid: aed9f4560bb725d46b828e3f14a4b301, type: 3}
    - {fileID: 1098420834933769419, guid: aed9f4560bb725d46b828e3f14a4b301, type: 3}
    - {fileID: 7956079804632169963, guid: aed9f4560bb725d46b828e3f14a4b301, type: 3}
  m_SourcePrefab: {fileID: 100100000, guid: aed9f4560bb725d46b828e3f14a4b301, type: 3}
--- !u!1001 &5483523526389631041
PrefabInstance:
  m_ObjectHideFlags: 0
  serializedVersion: 2
  m_Modification:
    m_TransformParent: {fileID: 0}
    m_Modifications:
    - target: {fileID: 5483523526500097689, guid: 804c1929c8eb2e44d900148d03f658c3,
        type: 3}
      propertyPath: m_Name
      value: SpecificZone
      objectReference: {fileID: 0}
    - target: {fileID: 5483523526500097689, guid: 804c1929c8eb2e44d900148d03f658c3,
        type: 3}
      propertyPath: m_IsActive
      value: 0
      objectReference: {fileID: 0}
    - target: {fileID: 5483523526500097692, guid: 804c1929c8eb2e44d900148d03f658c3,
        type: 3}
      propertyPath: m_LocalPosition.x
      value: -4.28
      objectReference: {fileID: 0}
    - target: {fileID: 5483523526500097692, guid: 804c1929c8eb2e44d900148d03f658c3,
        type: 3}
      propertyPath: m_LocalPosition.y
      value: 1.8
      objectReference: {fileID: 0}
    - target: {fileID: 5483523526500097692, guid: 804c1929c8eb2e44d900148d03f658c3,
        type: 3}
      propertyPath: m_LocalPosition.z
      value: 0
      objectReference: {fileID: 0}
    - target: {fileID: 5483523526500097692, guid: 804c1929c8eb2e44d900148d03f658c3,
        type: 3}
      propertyPath: m_LocalRotation.x
      value: 0
      objectReference: {fileID: 0}
    - target: {fileID: 5483523526500097692, guid: 804c1929c8eb2e44d900148d03f658c3,
        type: 3}
      propertyPath: m_LocalRotation.y
      value: 0
      objectReference: {fileID: 0}
    - target: {fileID: 5483523526500097692, guid: 804c1929c8eb2e44d900148d03f658c3,
        type: 3}
      propertyPath: m_LocalRotation.z
      value: 0
      objectReference: {fileID: 0}
    - target: {fileID: 5483523526500097692, guid: 804c1929c8eb2e44d900148d03f658c3,
        type: 3}
      propertyPath: m_LocalRotation.w
      value: 1
      objectReference: {fileID: 0}
    - target: {fileID: 5483523526500097692, guid: 804c1929c8eb2e44d900148d03f658c3,
        type: 3}
      propertyPath: m_RootOrder
      value: 7
      objectReference: {fileID: 0}
    - target: {fileID: 5483523526500097692, guid: 804c1929c8eb2e44d900148d03f658c3,
        type: 3}
      propertyPath: m_LocalEulerAnglesHint.x
      value: 0
      objectReference: {fileID: 0}
    - target: {fileID: 5483523526500097692, guid: 804c1929c8eb2e44d900148d03f658c3,
        type: 3}
      propertyPath: m_LocalEulerAnglesHint.y
      value: 0
      objectReference: {fileID: 0}
    - target: {fileID: 5483523526500097692, guid: 804c1929c8eb2e44d900148d03f658c3,
        type: 3}
      propertyPath: m_LocalEulerAnglesHint.z
      value: 0
      objectReference: {fileID: 0}
    - target: {fileID: 5483523526500097693, guid: 804c1929c8eb2e44d900148d03f658c3,
        type: 3}
      propertyPath: InitialModule.startColor.maxColor.r
      value: 0.8784314
      objectReference: {fileID: 0}
    - target: {fileID: 5483523526500097693, guid: 804c1929c8eb2e44d900148d03f658c3,
        type: 3}
      propertyPath: InitialModule.startColor.maxColor.g
      value: 0.101960786
      objectReference: {fileID: 0}
    - target: {fileID: 5483523526500097693, guid: 804c1929c8eb2e44d900148d03f658c3,
        type: 3}
      propertyPath: InitialModule.startColor.maxColor.b
      value: 0.87058824
      objectReference: {fileID: 0}
    - target: {fileID: 5483523526500097688, guid: 804c1929c8eb2e44d900148d03f658c3,
        type: 3}
      propertyPath: safeHearts.Array.data[0]
      value: 
      objectReference: {fileID: 1928468024}
    m_RemovedComponents: []
  m_SourcePrefab: {fileID: 100100000, guid: 804c1929c8eb2e44d900148d03f658c3, type: 3}
